2866 4868
343 405 409 472 692
628 425 802 475 ursanum
825 424 1001 473 novumn.
1160 406 1252 490 [nra.
1269 422 1291 469 t.

342 584 460 648 eodem
476 583 622 649 concilio
637 585 785 669 alicujus
794 576 803 615 ¹
812 582 1011 648 viderentur
1019 601 1096 648 esse
1106 582 1290 660 momenti;

342 685 452 766 primo
469 684 666 748 Willelmus
682 684 881 749 cantuariae
902 683 1192 766 archiepiscopus,
1207 700 1291 746 mox

342 785 459 847 caeteri
484 785 648 868 episcopi,
671 804 735 848 nec
760 785 873 847 minus
896 784 1051 848 abbates.
1103 783 1292 847 Laicorum

341 885 473 966 primus
483 883 618 967 juravit
634 883 751 948 David
773 904 836 948 rex
852 884 992 960 Scotiae,
1006 883 1160 967 ejusdem
1182 883 1291 964 impe·

341 983 477 1048 natricis
492 984 685 1047 avunculus
700 1003 709 1064 ;
733 991 816 1047 tunc
833 983 1029 1065 Stephanus
1044 1001 1160 1047 comes
1179 981 1291 1046 Mori-

340 1084 428 1147 tonii
449 1090 484 1147 et
499 1084 680 1159 Bononiae,
703 1102 811 1165 nepos
827 1081 974 1146 Henrici
996 1082 1089 1164 regis
1111 1099 1155 1146 ex
1172 1100 1291 1146 sorore

341 1181 476 1247 Adala:
492 1202 576 1247 mox
588 1178 764 1247 Robertus
777 1183 869 1264 regis
883 1182 986 1258 filius,
999 1201 1100 1264 quem
1112 1188 1195 1245 ante
1210 1201 1289 1263 reg-

340 1302 421 1346 num
436 1289 647 1366 susceperat,
660 1283 696 1348 et
715 1276 892 1346 ²comitem
907 1280 1120 1345 Gloecestrae
1137 1280 1288 1360 fecerat3

340 1375 443 1446 ⁸data
469 1383 501 1445 ei
521 1383 557 1446 in
585 1383 841 1447 matrimonium
868 1381 1027 1459 Mabilia,
1049 1381 1232 1464 spectabili
1253 1387 1289 1445 et

340 1481 523 1545 excellenti
553 1482 707 1561 foemina,
737 1482 875 1547 domina
898 1488 971 1545 tum
998 1481 1074 1546 viro
1102 1481 1288 1563 morigera,

339 1587 414 1645 tum
427 1582 532 1645 etiam
545 1581 771 1647 foecunditate
785 1600 977 1645 numerosae
995 1588 1031 1645 et
1046 1580 1288 1664 pulcherrimae

338 1681 446 1763 prolis
463 1684 576 1745 beata.
612 1682 788 1759 Notabile,
802 1673 860 1745 ⁴ut
876 1681 1014 1757 dicitur,
1031 1679 1098 1743 fuit
1112 1686 1288 1744 certamen

338 1780 430 1843 inter
446 1781 639 1845 Robertum
654 1790 689 1845 et
705 1781 931 1863 Stephanum,
945 1780 1027 1843 dum
1042 1779 1168 1843 aemula
1183 1777 1288 1843 laude

338 1880 507 1943 virtutum
523 1881 614 1945 inter
628 1900 664 1944 se
687 1880 932 1945 contenderent
946 1880 1025 1963 quis
1053 1898 1171 1944 eorum
1192 1879 1289 1962 prior

335 1977 490 2060 juraret3
513 1981 573 2044 illo
589 1980 809 2063 privilegium
825 1979 899 2056 filii,
912 1980 981 2043 isto
996 1977 1202 2060 dignitatem
1224 1998 1288 2042 ne·

339 2078 430 2161 potis
454 2086 643 2162 spectante.
696 2079 755 2144 Ita
776 2080 952 2144 obstrictis
968 2073 1186 2161 ⁵proceribus
1213 2098 1288 2142 om·
1334 2122 1337 2127 -

338 2179 439 2242 nibus
464 2179 531 2243 fide
548 2187 583 2244 et
598 2187 828 2257 sacramento,
845 2187 928 2243 tunc
943 2178 1081 2262 quidem
1103 2197 1125 2241 a
1148 2196 1288 2261 quoque

338 2278 374 2341 in
404 2298 468 2341 sua
499 2278 687 2342 discessum
716 2286 781 2343 est.
834 2280 922 2344 Post
950 2278 1183 2343 Pentecosten
1203 2296 1288 2343 vero

337 2377 432 2443 misit
453 2372 535 2442 ⁶rex
558 2369 681 2441 ⁷filiam
707 2378 743 2441 in
772 2378 1037 2456 Normanniam,
1057 2378 1186 2462 jubens
1208 2395 1286 2441 eam

335 2497 398 2560 per
420 2477 737 2559 Rothomagensem
764 2478 1059 2561 archiepiscopum
1082 2477 1286 2561 desponsari

335 2577 406 2641 filio
430 2578 588 2659 praedicti
607 2577 781 2655 Falconis,
802 2578 1011 2642 adolescenti
1034 2595 1170 2659 magnae
1186 2577 1300 2642 nobi-.

336 2676 445 2741 litatis
473 2685 508 2740 et
531 2676 743 2759 praedicandi
768 2679 922 2741 roboris:
953 2697 1016 2742 nec
1038 2677 1174 2741 distulit
1199 2676 1285 2760 quin

334 2776 409 2858 ipse
424 2796 562 2859 quoque
576 2776 828 2841 Normanniam
844 2777 1038 2858 navigaret,
1047 2769 1189 2859 ⁸eosque
1211 2795 1285 2840 ma·

335 2876 496 2939 trimonio
517 2877 754 2960 conjungeret.
806 2876 886 2955 Quo
901 2877 1005 2954 facto,
1027 2876 1179 2960 quodam
1194 2876 1285 2942 vati·

334 2975 424 3039 cinio
447 2994 566 3040 omnes
592 2976 828 3059 praedicabant
842 2984 882 3041 ut
897 2984 976 3060 post
998 2983 1143 3040 mortem
1162 2976 1240 3061 ejus
1262 2995 1285 3040 a

336 3083 554 3140 sacramento
569 3075 809 3140 desciscerent.
839 3076 916 3158 Ego
933 3077 1122 3159 Rogerium
1133 3075 1285 3141 Salesbi-

333 3173 481 3238 riensem
502 3177 702 3258 episcopum
719 3195 812 3259 saepe
828 3176 996 3241 dicentem
1014 3175 1144 3254 audivi,
1161 3175 1284 3241 ‘Solu-

367 3373 376 3407 ¹
392 3376 560 3442 Videreotur]
582 3379 611 3428 G.
630 3377 665 3426 D.
678 3377 710 3428 E.
722 3376 794 3438 Lu.;
854 3375 1043 3440 wracene]
1070 3377 1117 3438 E.;
1134 3378 1241 3429 omitted
1255 3379 1281 3428 iu

330 3447 491 3508 videbantur,
502 3448 531 3497 S.
820 3447 848 3496 S.
863 3448 893 3497 C.
906 3448 941 3497 D.
953 3447 1006 3497 La.

367 3515 501 3566 'Comitem
512 3515 679 3579 Guecertrae]
700 3515 795 3565 Robert
852 3539 863 3571 ο
874 3543 912 3591 Re
977 3543 999 3591 S
1023 3543 1044 3592 c
1068 3543 1095 3591 D
1127 3545 1153 3592 Ε
1204 3544 1228 3594 L
1273 3560 1281 3574 ,

329 3601 385 3636 was
396 3586 497 3636 created
508 3586 561 3636 earl
571 3585 600 3634 of
607 3585 794 3635 Gloucesterin
817 3542 958 3661 omittedxilr
968 3576 1016 3661 Εἰ
1045 3578 1052 3592 “
1097 3577 1104 3593 ’
1160 3548 1184 3594 2‘
1239 3549 1281 3607 ι’

330 3657 530 3717 theyearruo.
549 3655 793 3717 OnthePipeRoll
851 3693 862 3731 t
913 3696 938 3709 ,,
1020 3647 1027 3662 ”
1067 3714 1073 3727 ·
1126 3699 1132 3711 ‚

331 3730 360 3775 al
385 3728 454 3777 Heu.
477 3727 501 3789 1,
522 3727 573 3775 this
592 3729 664 3786 entry
686 3739 791 3775 occure:
885 3696 999 3761 Fam]
1024 3699 1074 3759 E'‘
1097 3699 1174 3749 ΜΠ
1198 3715 1281 3765 'um’

329 3796 559 3846 ‘Gloecestrescire
574 3794 791 3847 EtcomitiGloec.
817 3767 846 3819 S·
859 3767 1001 3817 ΗΜ·
1342 3805 1346 3811 ·

330 3878 375 3916 xx.
386 3867 415 3915 li.
426 3881 530 3916 numero
539 3881 586 3928 pro
596 3869 668 3927 parte
683 3880 732 3915 sua
749 3879 791 3914 eo-
853 3857 966 3923 ‘anque
983 3860 1137 3911 mutrimiu
1153 3862 1282 3928 conpunge-

328 3936 451 3987 mitatus.’
815 3925 882 3998 ret]
911 3931 964 3980 'Phe
986 3932 1099 3993 nuptiale
1120 3931 1149 3980 ol
1168 3933 1280 3985 Matilda

362 4003 451 4055 ³Data
464 4040 470 4054 .
483 4038 491 4056 .
504 4041 510 4055 .
523 4004 613 4068 beata]
626 4006 674 4066 E.;
686 4004 790 4053 omitted
814 4001 877 4049 with
889 4001 1009 4063 Geoffrey
1018 4002 1279 4065 Plantagenet,aster-

326 4074 353 4122 in
365 4075 393 4128 S.
408 4077 437 4125 C.
450 4076 485 4125 D.
499 4076 532 4124 G.
546 4076 581 4125 K.
593 4075 649 4125 La.
814 4071 899 4121 warde
917 4072 970 4120 earl
982 4071 1010 4120 of
1021 4071 1116 4133 Anjou,
1126 4087 1195 4122 were
1212 4075 1279 4126 cele·

360 4143 371 4172 ⁴
386 4146 421 4194 Ut
439 4145 552 4207 diciturn]
580 4146 632 4204 Ε.,;
653 4148 683 4193 ut
701 4143 791 4206 fertur,
813 4141 902 4190 brated
913 4142 939 4189 in
950 4140 992 4190 the
1003 4155 1124 4203 presence
1140 4141 1170 4191 ol
1184 4143 1279 4195 herla·

326 4214 355 4263 S.
369 4216 399 4264 C.
411 4216 446 4264 D.
458 4216 511 4264 Η.
813 4211 905 4261 thetin
916 4211 1062 4272 September
1072 4213 1147 4262 1127.
