2866 4868
186 613 282 652 Baldwln

187 665 240 713 king
248 664 338 704 ossem-

187 714 260 753 salem.

346 419 414 484 594
564 437 674 487 cusrn
700 437 827 485 nacuu
853 437 1066 487 anctorum.
1146 425 1233 507 [um.
1252 439 1301 486 1v.

350 589 654 679 ¹praetereuntibus
672 596 778 673 misit,
793 615 856 677 pro
869 596 998 660 virtute
1013 589 1106 659 ²tam
1122 596 1225 677 pauci
1240 615 1302 660 ex-

351 698 479 761 ercitus
506 696 733 779 stupefactus.
787 695 884 759 Idem
910 703 945 759 et
964 695 1074 779 Tyrii,
1098 702 1133 759 et
1155 695 1302 772 Sidonii,

352 805 387 861 et
405 796 629 861 Acheronitae
645 798 704 879 qui
729 806 763 860 et
779 795 1037 873 Ptholomaitae,
1052 797 1175 873 secere,
1192 795 1301 860 tacito

352 905 446 961 metu
459 898 669 961 Francorum
685 896 920 960 fortitudinem
933 896 1171 979 suspicientes,
1224 895 1302 960 Nec

352 998 466 1060 minus
490 997 644 1060 homines
667 997 850 1073 Tancmdi,
869 997 927 1079 qui
952 996 990 1059 in
1008 996 1166 1079 Chaipha
1189 1002 1302 1073 erant,

351 1097 511 1160 liberales
525 1097 633 1174 fuere,
649 1098 807 1178 quamvis
821 1098 896 1180 ipse
910 1098 1035 1160 absens
1058 1103 1160 1160 esset.
1214 1096 1302 1160 Cas·
1326 1161 1329 1165 ,

352 1197 398 1261 tri
422 1196 516 1260 illius
540 1216 664 1260 nomen
684 1197 863 1278 antiquum
884 1198 1033 1279 reperire
1057 1216 1202 1278 nequeo,
1220 1197 1304 1280 quia

354 1317 472 1361 omnes
495 1297 755 1361 mediterraneae
782 1297 955 1375 civitateS,
970 1291 1066 1380 ³quae
1086 1298 1123 1361 in
1145 1297 1169 1361 J
1172 1297 1303 1380 osepho

353 1397 517 1479 leguntur
548 1398 721 1479 quondam
749 1397 867 1475 fuisse,
897 1396 998 1461 modo
1024 1397 1081 1462 vel
1112 1417 1181 1461 non
1208 1405 1303 1473 sunt,

354 1498 422 1575 vel,
437 1499 473 1560 in
487 1496 619 1561 viculos
634 1504 790 1576 mutatae,
805 1498 945 1562 nomina
962 1498 1202 1580 perdiderunt:
1227 1518 1302 1561 ma-

354 1599 479 1661 ritimae
496 1597 642 1678 integrae
658 1605 811 1662 manent.
865 1596 923 1662 Ita
944 1618 1005 1680 per
1023 1598 1219 1662 Caesaream
1235 1597 1305 1662 Pa·

354 1698 488 1761 lestinae
506 1706 540 1761 et
556 1696 706 1762 Azotum
720 1699 755 1761 in
773 1698 796 1762 J
799 1718 923 1781 oppem
937 1705 1091 1777 ventum,
1109 1699 1169 1762 ubi
1191 1699 1304 1780 prima

353 1798 406 1862 illi
429 1799 617 1880 gratulatio
640 1799 737 1880 regni
761 1799 839 1876 fuit,
862 1799 993 1863 civibus
1018 1799 1152 1882 ingenti
1174 1798 1302 1882 gaudio

354 1906 474 1981 portas
491 1899 736 1980 aperientibus

407 1997 510 2081 §377⁴
527 1998 641 2079 Igitur
656 2019 677 2061 a
688 1997 711 2061 J
714 1999 841 2080 oppitis
859 1999 1108 2082 lerosolymam
1125 2001 1305 2077 deductus,

355 2105 391 2161 et
414 2098 462 2162 ibi
485 2098 721 2162 favorabiliter
741 2105 919 2180 exceptus
938 2098 1070 2162 dierum
1084 2093 1166 2164 4sen
1189 2102 1304 2183 spatio

356 2198 463 2280 quieti
489 2198 669 2262 satisfecit.
723 2198 821 2275 Inde,
851 2218 893 2261 ne
910 2197 1016 2262 Turci
1036 2199 1235 2265 dubitarent
1249 2201 1303 2263 in-

355 2298 467 2361 dolem
485 2299 583 2379 regni
598 2299 674 2382 ejus
692 2318 817 2379 magno
839 2317 957 2361 eorum
979 2300 1070 2363 malo
1094 2299 1304 2378 adolescere,

355 2417 476 2461 versus
504 2397 712 2462 Ascalonem
745 2397 1000 2480 expeditionem
1024 2400 1145 2464 movit.
1198 2401 1305 2464 Cum-

357 2517 424 2580 que
456 2517 525 2560 non
553 2498 657 2580 longe
688 2500 731 2562 ab
757 2500 841 2562 urbe
866 2498 957 2561 vires
986 2517 1068 2562 suas
1098 2506 1303 2577 ostentaret,

356 2597 563 2679 impetentes
579 2597 801 2662 Ascalonitas
819 2597 912 2660 sacili
938 2618 1044 2680 opera
1064 2599 1217 2682 depulit3
1241 2621 1304 2683 op-

356 2705 543 2780 portunum
568 2706 704 2782 tempus
723 2699 765 2762 ad
790 2698 824 2760 id
848 2698 939 2780 quod
964 2707 1080 2763 mente
1103 2699 1308 2773 intendebat

356 2798 526 2879 operiens
580 2799 740 2881 Denique
766 2799 997 2881 repulsionem
1022 2799 1159 2862 illorum
1182 2801 1304 2882 gloriae

355 2916 429 2960 suae
445 2905 527 2962 tunc
545 2897 699 2962 sufficere
722 2901 923 2975 arbitratus,
939 2900 975 2961 in
997 2907 1164 2963 montana
1184 2921 1304 2984 recep·

354 2998 407 3061 tui
429 2998 565 3075 cecinit,
583 3005 622 3061 ut
645 2998 761 3062 hostes
784 3006 1065 3081 persequeretur3
1089 3020 1152 3063 nec
1175 3021 1245 3065 non
1267 3011 1304 3066 et

354 3097 571 3162 inimicorum
586 3098 712 3163 damno
732 3101 927 3162 necessaria
943 3098 1014 3161 suis
1031 3101 1303 3181 conquisituruS,

354 3199 415 3279 qui
442 3218 506 3280 pro
530 3199 676 3280 penuria
702 3204 804 3262 terrae
826 3198 917 3262 fame
943 3199 1204 3280 singultiebant,
1218 3203 1303 3284 quia

354 3297 415 3361 illo
444 3317 534 3361 anno
557 3299 679 3361 messis
705 3317 800 3379 aegra
823 3299 954 3362 victum
976 3308 1178 3380 negaverat,
1204 3321 1303 3384 spem

354 3398 542 3479 provinciae
586 3399 695 3461 sterili
724 3405 895 3480 proventu
928 3399 1112 3482 decipiens.
1175 3401 1304 3483 Itaque

354 3504 520 3561 montana
540 3499 752 3575 conscendit,
767 3518 835 3580 quo
860 3498 1072 3563 habitatores
1092 3508 1193 3564 terrae
1211 3502 1303 3565 Tur-

354 3597 385 3658 ci
420 3597 548 3660 relictis
574 3598 667 3661 villis
700 3606 955 3677 concesserant,
982 3599 1088 3684 Syros
1120 3620 1238 3665 secum
1265 3604 1303 3666 in

353 3696 492 3777 penitus
516 3697 651 3761 abditos
680 3717 803 3780 specus
828 3700 1092 3780 immergentes:
1117 3700 1178 3764 sed
1204 3703 1304 3766 inve·

387 3958 635 4029 ¹Proetcreuatibus.]
647 3965 815 4028 A.D.E.L.;
875 3963 886 3996 ³
899 3967 961 4023 Qua
1009 3969 1125 4030 leguntur
1135 3973 1306 4034 quaedamse-

352 4033 535 4095 praeeuntibus,
547 4034 575 4083 S.
590 4035 619 4084 G.
838 4036 908 4154 ¹iura]
927 4035 960 4087 A.
975 4039 1005 4087 C.
1017 4039 1052 4155 lg.
1065 4041 1097 4089 E.
1098 4040 1157 4158 hp,
1179 4056 1244 4161 qgas
1257 4080 1264 4094 .
1278 4080 1305 4095 ..

387 4167 468 4219 2ram
476 4172 570 4235 palca]
589 4173 668 4223 aa.
680 4174 711 4224 a.
722 4192 728 4237 ;
741 4178 813 4239 unu,
849 4121 1111 4240 elblllulncalb.
1127 4125 1304 4248 llll'sdptem,

352 4240 381 4288 S.
396 4241 424 4289 C.
437 4257 443 4302 ;
458 4246 510 4289 tam
522 4243 603 4304 parri,
614 4242 648 4292 A.
839 4246 867 4294 S.
884 4247 916 4296 D.
