2866 4868
186 437 255 484 nm.
272 420 338 501 1v.]
412 434 526 483 cnara
550 434 676 482 ancum
702 432 913 480 lucionuu.
1072 413 1135 478 561
1190 498 1196 505 ·

186 589 285 666 dunt,
302 591 380 655 loca
395 591 510 655 vicina
526 592 709 674 explorare
726 576 926 672 'cupientes
978 588 1057 672 Syri
1075 589 1133 670 qui

188 698 304 754 essent
325 690 361 754 in
382 691 471 768 loco,
495 690 669 773 progressi
686 689 836 765 obviam,
853 688 1010 752 laetitiam
1036 707 1134 750 suam

188 788 358 853 desiderio
383 789 621 873 lachrymante
650 789 852 872 prodebant,
879 788 984 850 saluti
1016 806 1133 850 eorum

188 908 252 971 pro
266 889 444 971 paucitate
457 890 617 952 nimirum
631 895 823 951 metuentes
835 908 843 966 ;
868 907 947 950 nam
963 907 1032 950 non
1046 886 1138 949 mul-.

190 994 227 1051 to
245 989 324 1070 plus
338 1008 443 1071 quam
460 995 598 1052 centum
614 988 742 1051 milites
755 993 934 1052 venerant.
986 984 1036 1049 At
1054 978 1133 1062 ¹illi,

190 1087 404 1169 supplicibus
430 1089 522 1153 votis
553 1106 687 1151 sacram
720 1086 827 1150 aedem
855 1083 1022 1161 venerati,
1053 1103 1135 1148 con-

189 1185 305 1250 festim
340 1186 588 1270 lerosolymam
623 1186 766 1250 intentis
799 1185 924 1248 animis
955 1184 1134 1248 invadunt.

190 1284 297 1349 Turci
318 1305 469 1369 quoquc,
491 1306 555 1368 pro
580 1286 706 1350 fiducia
720 1285 844 1350 virium
859 1284 1030 1347 mentibus
1056 1283 1136 1346 effe-

192 1385 272 1462 rati,
287 1384 381 1448 foras
397 1386 557 1463 exiliunt,
574 1387 610 1450 in
625 1391 762 1449 nostros
779 1383 1031 1466 aliquantisper
1047 1382 1136 1446 arie-

193 1490 328 1565 tantes3
360 1492 455 1549 totus
486 1487 577 1549 enim
606 1485 681 1568 jam
708 1483 881 1547 exercitus
908 1482 1134 1545 adventarat:

192 1583 252 1647 sed
274 1603 369 1661 mox,
394 1585 538 1649 Francis
562 1583 808 1659 annitentibus
835 1581 997 1645 summoti
1019 1581 1137 1644 hostes

192 1683 418 1747 claustrorum
442 1683 625 1748 muralium
641 1682 779 1765 objectu
801 1681 949 1745 salutem
966 1699 1063 1744 suam
1082 1687 1137 1743 tu-

192 1782 367 1847 tabantur.
399 1844 407 1853 ,

459 1974 506 2020 DE
529 1972 627 2021 URBE
650 1971 873 2020 IERUSALEM.

245 2077 352 2162 §362
377 2077 432 2142 De
449 2078 519 2143 situ
538 2086 573 2143 et
586 2079 758 2160 positione
772 2078 962 2143 Ierusalem
980 2076 1065 2141 nihil
1086 2096 1271 2140 maternalem

195 2177 309 2242 dicere
332 2178 433 2261 copia
459 2180 665 2261 scriptorum
697 2179 878 2242 admonet:
913 2197 977 2241 nec
1002 2149 1267 2240 necesse⁰⁰⁸⁰¹¹b⁹d'

196 2285 249 2342 est
264 2284 304 2341 ut
319 2278 356 2341 in
372 2277 438 2341 hoc
450 2297 572 2361 campo
589 2271 727 2347 ²nostra
748 2275 883 2341 exultet
900 2276 1030 2355 oratio,
1054 2277 1141 2339 adeo

196 2376 268 2441 sere
290 2377 442 2441 omnium
464 2378 597 2442 notitiae
618 2384 716 2458 patet
737 2377 829 2459 quod
846 2376 869 2440 J
872 2376 1033 2460 osephus,
1051 2376 1142 2458 quod

199 2476 401 2553 Eucherius,
428 2477 520 2559 quod
554 2475 652 2540 Beda
687 2477 867 2559 scripsere.
928 2475 1016 2554 Quis
1052 2474 1143 2538 enim

198 2576 331 2640 nesciat
363 2595 440 2639 eam
467 2595 489 2639 a
518 2575 749 2639 Melchisedec
780 2575 907 2653 Salem,
937 2595 959 2638 a
981 2575 1004 2638 J
1007 2575 1143 2639 ebuseis

198 2673 321 2752 Iobus,
336 2693 359 2738 a
372 2674 556 2739 Salomone
574 2674 823 2757 lerosolymam
834 2677 1019 2739 vocataml
1055 2673 1143 2752 Quis

199 2793 268 2838 non
283 2773 431 2838 audierit
447 2775 619 2857 quotienS,
637 2775 701 2836 sub
718 2774 863 2838 adverso
880 2781 990 2837 marte
1005 2773 1144 2847 cadenS,

198 2874 293 2938 cives
318 2873 426 2936 ruinis
449 2873 623 2956 sepelierit
648 2873 732 2950 suis,
749 2874 805 2937 vel
829 2872 1144 2953 Nabugodonosor,

199 2973 256 3037 vel
272 2971 366 3049 Tito,
388 2972 445 3036 vel
458 2969 614 3036 Adriano
630 2973 836 3054 agentibusl
889 2970 1066 3035 Adrianus
1087 2971 1146 3035 ille

201 3071 267 3137 fuit
284 3071 344 3154 qui
368 3070 629 3156 lerosolymam,
647 3091 692 3135 ex
707 3091 772 3135 suo
791 3072 996 3153 cognomine
1017 3090 1146 3152 cogno-

201 3171 366 3234 minatam
385 3169 538 3248 Heliam,
553 3171 745 3234 orbiculato
768 3177 803 3234 et
825 3170 949 3254 majori
972 3189 1147 3232 murorum

201 3270 332 3333 ambitu
358 3269 556 3347 aedificavit,
574 3277 613 3333 ut
633 3271 747 3333 locum
770 3269 941 3351 sepulchri
959 3268 1145 3342 Dominici‚

201 3369 295 3451 quod
317 3369 401 3433 olim
424 3376 527 3433 extra
551 3368 677 3446 fuerat,
702 3369 986 3451 amplecteretur,
1011 3387 1091 3430 nam
1114 3374 1148 3430 et

202 3487 302 3532 mons
318 3467 412 3544 Sion,
425 3469 519 3533 intra
535 3470 654 3532 urbem
672 3475 841 3550 receptus,
855 3487 919 3551 pro
937 3485 1015 3530 arce
1029 3484 1148 3548 super-

203 3568 341 3632 eminet.
393 3560 507 3631 ³Fons
522 3568 614 3632 intra
628 3568 756 3644 nullus,
774 3567 833 3630 sed
849 3553 1015 3629 cisternis
1026 3564 1070 3627 ad
1085 3563 1149 3626 hoc

241 3862 315 3926 ¹1ui,
325 3863 473 3928 supplicibus
535 3865 665 3928 venanti]
727 3861 737 3894 2
749 3859 867 3932 Nostra]
884 3863 918 3914 A.
931 3865 966 3915 D.
978 3865 1014 3918 E,
1022 3865 1053 3913 L.
1063 3879 1071 3925 ;
1089 3878 1154 3927 urea,

204 3933 259 3985 The
269 3934 365 3983 chnrch
376 3934 405 3982 ol
415 3934 453 3984 St.
465 3934 541 3996 Mary
552 3940 579 3984 at
590 3935 668 3984 Beth·
692 3934 729 3985 8.*
736 3936 766 3983 C.
1136 3934 1138 3939 '

204 4004 287 4054 lehem
302 4003 435 4054 contained
445 4003 536 4052 within
549 4005 583 4054 its
594 4005 668 4054 walls
726 4000 738 4034 ⁸
749 4004 816 4052 Fons
827 4002 894 4051 intra
905 4002 986 4050 nullm
999 4036 1006 4051 .
1019 4036 1025 4050 .
1039 4037 1046 4051 .
1060 4004 1154 4051 cedron

207 4088 224 4123 a
241 4078 294 4123 sort
304 4073 333 4122 ol
344 4077 435 4135 grotto,
445 4074 472 4121 in
482 4073 567 4122 which
584 4075 604 4122 it
614 4088 669 4123 was
692 4073 804 4135 augeat]
811 4073 953 4122 Jerusalem
959 4086 1014 4120 was
1020 4071 1155 4133 possessed

207 4142 345 4206 pretended
357 4141 443 4192 Christ
452 4156 508 4191 was
520 4144 591 4193 horn.
608 4142 669 4210 (See
694 4143 754 4203 only
772 4142 801 4190 os
819 4142 861 4190 the
883 4145 977 4190 torrent
995 4141 1023 4189 ol
1043 4141 1155 4203 Kedron,

208 4211 559 4277 Bedu,DelooisSauctis.)
696 4212 781 4272 dryin
799 4210 977 4272 summer‚and
989 4210 1018 4259 ol
1032 4209 1074 4258 the
1091 4211 1155 4259 little
