2866 4868
349 401 415 467 622
566 418 678 467 essm
704 417 832 466 aucun
856 417 1072 468 suenorum
1165 404 1253 486 [uir.
1271 422 1307 470 -ν,

350 583 386 641 et
404 573 658 656 Aruudellum3
685 580 940 657 comportatum
960 593 1002 636 eo
1024 573 1234 639 frumentum
1256 595 1303 641 ex

350 677 444 740 omni
467 676 609 756 regione
632 674 890 750 scrobesbiriae,
907 680 944 738 et
960 674 1124 758 quicquid
1141 695 1302 741 necessa-

349 778 439 839 rium
467 774 596 839 bellum
619 774 788 856 efflagitat
810 768 1049 838 ¹diuturnum:
1091 795 1156 839 nec
1182 777 1298 840 minus

351 876 532 939 castellum
565 873 861 939 Scrobesbiriense
893 872 1072 937 rebellioni
1111 877 1300 954 consensit,

349 975 585 1040 Wallensibus
599 994 663 1056 pro
678 980 775 1038 motu
788 973 938 1037 fortunae
955 974 999 1037 ad
1013 973 1142 1038 malum
1167 976 1297 1057 pronis

351 1074 432 1139 Rex
468 1075 587 1157 itaque
617 1075 734 1138 animo
761 1067 913 1156 ²ingens,
946 1074 1130 1156 omniaque
1152 1074 1300 1140 adversa

348 1175 478 1240 virtute
499 1193 669 1256 premens,
695 1173 821 1237 militia
848 1179 971 1238 coacta
997 1174 1125 1255 Brigas
1148 1175 1297 1253 obsedit,

349 1275 441 1338 unde
460 1274 536 1357 jam
566 1274 603 1336 in
633 1270 864 1337 Ammdellum
896 1274 1082 1337 transierat
1108 1273 1299 1354 Robertus,

350 1375 590 1439 alimentorum
601 1373 703 1455 copia
718 1380 753 1436 et
769 1371 917 1437 militum
934 1372 1064 1437 ferocia
1080 1374 1167 1438 satis
1187 1376 1298 1438 abun-

349 1474 461 1557 deque
482 1473 652 1536 munitum
677 1473 791 1536 locum
818 1491 1053 1555 praesumens;
1077 1472 1139 1536 sed
1165 1493 1298 1556 paucos

348 1582 429 1656 post
454 1573 527 1636 dies
552 1572 728 1654 oppidani,
746 1580 781 1636 et
803 1570 987 1635 formidine
1012 1573 1233 1638 conscientiae
1259 1581 1296 1639 et

347 1672 550 1738 fortitudine
565 1671 698 1736 militiae
707 1673 813 1753 regiae
827 1671 923 1748 flexi,
938 1690 977 1735 se
991 1671 1162 1748 dedidere.
1215 1672 1298 1752 Quo

348 1772 478 1849 audito,
505 1774 548 1836 ab
573 1773 711 1854 incepto
734 1778 869 1835 tumore
893 1769 1126 1837 Arundellum
1147 1772 1295 1852 destitit,

347 1873 456 1954 regali
476 1892 514 1937 se
537 1872 699 1936 addicens
719 1870 910 1951 clientelae3
934 1872 1076 1954 egregia
1102 1892 1186 1936 sane
1212 1893 1296 1937 con·
1349 1865 1354 1869 ’

347 1972 488 2049 ditione,
504 1979 543 2037 ut
558 1971 717 2036 dominus
736 1990 820 2036 suus
839 1972 976 2053 integra
991 1973 1220 2035 membrorum
1237 1993 1297 2036 sa-

346 2071 419 2136 lute
449 2071 700 2136 Normauniam
726 2071 985 2154 permitteretur
1016 2072 1121 2136 abire.
1183 2071 1297 2138 Porro

347 2171 660 2236 scrobesbirienses
675 2191 737 2254 per
755 2171 947 2236 Radulfum
964 2179 1039 2235 tum
1053 2173 1213 2236 abbatem
1228 2171 1296 2237 Sa-

347 2273 407 2354 gii,
432 2278 555 2355 postea
577 2270 778 2337 Cantuariae
801 2271 1109 2354 archiepiscopum,
1132 2272 1207 2354 regi
1230 2274 1297 2337 mi-

346 2390 421 2436 sere
441 2370 575 2436 castelli
596 2371 724 2448 claves,
740 2370 925 2434 deditionis
944 2373 1126 2454 praesentis
1150 2372 1294 2452 indiceS,

345 2470 472 2536 futurae
494 2470 687 2535 devotionis
710 2471 859 2535 obsides.
912 2470 971 2535 Ita
993 2471 1218 2536 dissensionis
1239 2474 1295 2537 in-

346 2571 517 2647 cendium,
534 2570 626 2654 qnod
646 2572 836 2654 putabatur
856 2570 930 2634 fore
952 2590 1129 2653 magnum,
1154 2573 1294 2654 paucis-

345 2670 442 2734 simis
455 2671 576 2735 diebus
589 2672 626 2734 in
642 2671 775 2735 cineres
789 2669 970 2734 consenuit
982 2690 991 2750 3
1016 2677 1051 2734 et
1065 2670 1293 2752 desertorum,

345 2790 480 2854 semper
498 2772 598 2835 novis
615 2773 717 2835 rebus
733 2771 951 2847 inhiantium,
975 2771 1177 2835 aviditatem
1194 2791 1292 2837 coer-

345 2871 429 2934 cuit
481 2869 669 2948 Robertus,
692 2871 952 2934 cumfratribus
972 2870 1207 2955 Ernulfo‚qui
1228 2893 1293 2956 pa-

346 2978 482 3034 ternum
514 2989 706 3052 cognomen
738 2971 882 3035 sortitus
913 2970 1040 3048 fuerat,
1073 2977 1108 3034 et
1138 2970 1295 3072 Rogerio

345 3069 545 3136 Pictavensi
560 3069 671 3156 (qnod
694 3090 739 3134 ex
757 3082 799 3134 ea
820 3070 962 3152 regione
977 3090 1122 3134 uxorem
1148 3091 1294 3156 accepe-

345 3178 401 3234 rat
424 3170 475 3235 sic
500 3167 622 3255 dicto),
641 3169 803 3252 Angliam
822 3178 990 3254 perpetuo
1012 3170 1206 3253 abjuravit3
1229 3173 1292 3236 sed

344 3272 500 3352 vigorem
513 3271 721 3334 sacramenti
737 3272 944 3354 temperavit
959 3270 1120 3354 adjectio,
1135 3270 1203 3335 nisi
1216 3275 1293 3356 regi

344 3370 474 3452 placito
488 3369 693 3454 quaudoque
704 3370 931 3434 satisfecisset
945 3370 1123 3454 obsequio.

182 3484 317 3526 rroubteuin
396 3470 499 3554 §397.
514 3470 614 3533 Tunc
626 3469 689 3532 fax
703 3470 868 3533 bellorum
886 3470 1040 3533 immissa
1052 3470 1291 3551 Normauniae,

181 3537 312 3585 N⁰m⁸¹¹dy'
344 3571 551 3653 perfidorum
568 3570 792 3647 admixtione,
809 3570 909 3653 quasi
923 3570 1102 3651 rogalibus
1118 3570 1292 3637 alimentis

279 3707 283 3714 ·
344 3671 508 3747 animata,
536 3670 725 3747 convaluit,
748 3670 1016 3753 circumquaque
1041 3670 1157 3752 posita
1182 3673 1291 3735 corri-

181 3784 329 3835 anstrudam
343 3771 449 3853 piens.
503 3770 567 3833 Est
592 3770 682 3833 enim
706 3767 922 3832 Normaunia
946 3776 1145 3883 opportuna
1168 3778 1205 3834 et
1228 3791 1290 3854 pa·

181 3836 304 3883 Normandy
360 3871 367 3884 ,

179 3888 308 3928 annotet
342 3878 431 3935 tiens
461 3871 631 3934 malorum
664 3868 849 3946 nutricula,
885 3870 1046 3951 quamvis
1076 3890 1147 3933 non
1180 3871 1291 3936 multo

374 4141 572 4214 ¹Diutarnum.]
585 4146 659 4197 A.C.
670 4147 705 4196 D.
715 4145 800 4206 E.L.;
861 4141 1003 4208 2ingeras]
1028 4145 1061 4196 A.
1084 4147 1114 4196 C.
1133 4147 1168 4197 D.
1189 4147 1220 4197 E.
1241 4148 1273 4198 L.
1281 4163 1290 4209 ;

337 4219 479 4281 devectum,
491 4218 520 4267 S.
826 4216 920 4279 rigens,
931 4215 960 4265 S.
