2866 4868
342 415 409 482 418
559 432 672 481 essm
696 433 823 481 nncnu
847 432 1061 482 suenonuu.
1136 417 1223 498 [urs.
1241 434 1300 483 ur.

344 599 458 655 torum
472 591 577 655 verba
591 588 849 654 balbutiebant:
872 589 1008 672 stupori
1030 596 1107 655 erat
1128 597 1165 654 et
1186 592 1297 656 mira-

344 692 423 754 culo
439 691 573 755 caeteris
588 691 647 773 qui
662 689 922 773 grammaticam
933 697 1062 754 nosset.
1111 689 1296 771 Monachi,

344 793 529 856 subtilibus
557 789 766 854 indumentis
798 798 834 854 et
861 789 1069 855 indifferenti
1093 810 1219 871 genere
1241 794 1298 857 ci·

344 894 478 970 borum,
500 891 656 972 regulam
682 889 917 954 ludificabant.
970 890 1178 972 Optimates,
1199 893 1297 975 gulae

345 1001 380 1057 et
395 992 513 1056 veneri
527 991 646 1069 dediti,
664 990 844 1055 ecclesiam
861 1009 956 1055 more
974 990 1174 1057 Christiano
1190 1012 1296 1059 mane

344 1113 413 1157 non
436 1093 599 1170 adibant3
634 1090 694 1154 sed
721 1091 757 1154 in
780 1091 952 1168 cubiculo,
970 1099 1007 1156 et
1032 1091 1123 1158 inter
1148 1095 1295 1159 uxorios

343 1194 537 1276 amplexus,
563 1193 810 1257 matutinarum
845 1192 1012 1258 solemnia
1043 1200 1080 1256 et
1106 1193 1293 1259 missarum

344 1313 366 1357 a
382 1294 569 1358 festinante
590 1293 792 1376 presbytero
809 1293 950 1356 auribus
965 1299 1100 1357 tantum
1123 1293 1293 1360 libabant.

344 1394 495 1475 Vulgus,
512 1393 547 1457 in
571 1394 683 1458 medio
704 1393 914 1476 expositum,
928 1393 1048 1474 praeda
1069 1400 1145 1457 erat
1169 1401 1295 1476 poten-

343 1493 502 1571 tiorihuS,
519 1501 570 1568 ut,
586 1495 642 1560 vel
657 1515 774 1558 eorum
798 1494 1003 1558 substantiis
1025 1493 1218 1572 exhaustis,
1233 1495 1293 1560 vel

342 1594 448 1658 etiam
470 1595 671 1678 corporibus
692 1594 730 1659 ln
751 1594 959 1677 longinquas
976 1602 1087 1659 terras
1103 1594 1293 1672 distractis,

344 1713 485 1761 acervos
500 1696 740 1760 thesaurorum
754 1703 990 1776 congererent,
1004 1713 1202 1778 quanquam
1216 1714 1293 1759 ma-

343 1795 397 1878 gis
426 1795 617 1877 ingenitum
654 1797 701 1860 sit
736 1795 787 1858 illi
816 1796 913 1876 genti
944 1795 1291 1859 commessationibus

343 1914 447 1978 quam
466 1889 606 1978 ¹opibus
624 1896 768 1959 inhiare.
820 1894 914 1959 Illud
937 1903 1013 1958 erat
1034 1914 1056 1958 a
1083 1903 1208 1959 natura
1226 1897 1291 1959 ab·

259 2039 261 2042 -
343 1995 498 2072 horrens,
512 1997 603 2079 quod
621 1996 720 2061 multi
736 1993 882 2059 ancillas
899 2013 982 2058 suas
999 2014 1042 2058 ex
1061 2014 1098 2058 se
1113 1995 1291 2077 gravidas,

343 2097 402 2158 uhi
420 2096 552 2160 libidini
575 2097 836 2173 satisfecissent,
861 2095 988 2159 autad
1011 2095 1187 2178 publicum
1208 2115 1293 2178 pro·

343 2195 509 2260 stibulum
530 2204 592 2261 aut
617 2197 662 2260 ad
685 2190 885 2260 ²cxternum
908 2196 1110 2278 obsequium
1131 2195 1292 2261 vendita·

344 2297 439 2360 bant.
492 2289 704 2360 ³Potabatur
724 2297 761 2359 in
786 2316 965 2360 commune
987 2297 1030 2359 ab
1056 2296 1226 2373 omnibus,
1252 2297 1291 2361 in

344 2394 408 2460 hoc
423 2395 538 2460 studio
555 2404 673 2461 noctes
694 2397 835 2480 perinde
850 2404 889 2460 ut
904 2397 976 2460 dies
991 2396 1290 2478 perpetuantibus.

344 2495 470 2561 Parvis
498 2503 534 2561 et
564 2497 709 2581 abjectis
739 2498 896 2562 domibus
924 2503 1017 2560 totos
1045 2488 1292 2562 4absumebant

342 2603 521 2680 sumptus;
550 2597 693 2662 Francis
717 2605 752 2662 et
779 2597 990 2661 Normannis
1018 2596 1204 2674 absimiles,
1229 2598 1291 2678 qui

343 2698 467 2781 amplis
502 2704 538 2762 et
569 2699 725 2781 superbis
753 2697 906 2762 aedificiis
935 2697 1087 2761 modicas
1117 2715 1291 2778 expensas

343 2805 464 2880 agunt.
516 2798 757 2880 Sequebantur
772 2799 859 2862 vitia
881 2785 1058 2861 ebrietatis
1080 2796 1186 2874 socia,
1211 2815 1291 2878 quae

342 2898 494 2962 virorum
520 2899 652 2962 animos
679 2898 899 2962 effaeminant.
951 2897 1047 2961 Hinc
1072 2897 1291 2976 factumest,

342 3005 394 3075 ut,
421 2999 532 3081 magis
557 3000 752 3063 temeritate
783 3006 819 3063 et
844 2998 959 3062 furore
988 2997 1159 3081 praecipiti
1185 3016 1290 3079 quam

342 3097 486 3162 scientia
511 3098 653 3162 militari
668 3098 844 3164 Willelmo
866 3097 1054 3179 congressi,
1071 3117 1141 3161 uno
1156 3097 1290 3179 praelio,

342 3205 378 3263 et
393 3199 470 3281 ipso
484 3199 652 3281 perfacili,
670 3200 829 3264 servituti
845 3218 883 3262 se
897 3190 1114 3280 patriamque
1140 3216 1287 3280 pessun-

341 3297 509 3365 dederint.
571 3300 670 3364 Nihil
702 3298 792 3364 enim
826 3299 1020 3364 temeritate
1056 3297 1189 3378 levius3
1227 3299 1288 3363 sed

341 3400 503 3483 quicquid
534 3421 611 3467 cum
637 3401 769 3484 impetu
799 3400 952 3476 inchoat,
985 3399 1054 3463 cito
1078 3397 1206 3462 desinit
1230 3398 1288 3463 vel

341 3501 579 3583 compescitur.
632 3499 690 3565 Ad
722 3519 904 3593 summam,
927 3493 1029 3563 ⁶tunc
1061 3504 1161 3564 erant
1181 3494 1291 3581 Angli

376 3807 384 3838 ¹
406 3806 525 3878 Opibus]
543 3811 576 3862 A.
599 3812 628 3862 C.
649 3812 684 3863 D.
700 3814 733 3862 Ε.
754 3815 800 3874 L.;
824 3815 1054 3879 perpetuantibus]
1077 3817 1125 3866 See
1151 3815 1166 3878 1
1186 3819 1244 3877 149,
1263 3831 1290 3878 p.

339 3881 467 3944 operibus,
482 3883 511 3932 S.
826 3889 883 3934 23⁷.

376 3948 387 3981 ²
397 3953 535 4002 Externum
545 3952 683 4015 obsequium
693 3954 801 4002 ueuditn·
862 3952 871 3982 ⁴
882 3954 1069 4020 Absumebout]
1086 3957 1115 4006 S.
1136 3959 1166 4008 G.
1185 3957 1220 4006 D.
1241 3957 1289 4018 E.;

340 4017 420 4089 lanc]
435 4024 464 4073 C.
477 4024 511 4073 D.
524 4024 556 4073 Ε.
566 4023 596 4072 L.
606 4039 613 4083 ;
625 4028 746 4073 aeteruum
757 4026 801 4073 ob·
827 4025 1022 4088 abliguriebant,
1033 4027 1065 4075 L.

339 4093 456 4154 sequium
468 4094 643 4156 vendicabant,
655 4095 726 4144 AS.
752 4095 800 4144 See
861 4093 951 4144 ⁵Tuuc
966 4096 1126 4159 muutdngli
1211 4097 1290 4160 iusig-

337 4167 395 4213 note
406 4160 428 4230 ¹,
436 4179 461 4225 p.
473 4169 514 4217 6³.
826 4161 899 4233 nita]
927 4166 990 4215 This
1011 4167 1165 4228 description
1192 4168 1222 4217 of
1245 4167 1289 4217 the

373 4230 384 4262 ³
401 4234 539 4285 Petebatur
561 4233 587 4282 iu
607 4250 728 4286 commuue
751 4270 758 4284 .
772 4271 779 4286 .
793 4270 800 4285 .
827 4236 934 4299 English
945 4241 1012 4288 must
1022 4237 1124 4288 referto
1134 4237 1177 4288 tho
1188 4237 1289 4288 ancient
