2866 4868
190 395 349 478 mann]
415 413 529 462 essm
555 415 682 463 arcun
707 415 923 463 nucnoaun.
1074 399 1144 464 loe

189 570 337 652 pecunia
350 591 420 635 non
436 579 555 654 posset
566 592 696 655 regere.
749 573 831 639 Non
854 581 908 639 est
930 573 985 638 hic
1007 574 1139 657 aliquid

190 665 301 735 ¹aliud
323 674 557 737 excusationis
572 675 664 757 quod
688 673 839 752 afferam,
856 674 923 738 nisi
945 675 1038 758 quod
1061 678 1138 758 qui·

189 771 269 835 dam
291 772 393 850 dixit,
406 772 582 837 ‘Necesse
601 782 655 839 est
678 782 719 838 ut
740 774 866 838 multos
888 775 1021 851 timeat,
1035 794 1137 856 quem

191 872 291 936 multi
303 873 448 938 timent!
501 873 594 938 Nam
610 874 680 952 ille,
693 893 756 957 pro
771 874 894 940 timore
908 875 1136 954 inimicorum,

188 973 385 1055 provincias
399 993 481 1038 suas
496 975 643 1058 pecunia
656 976 876 1056 emungebat,
895 994 965 1056 qua
985 975 1136 1056 impetus

189 1092 307 1137 eorum
321 1073 378 1138 vel
390 1074 545 1139 tardaret
557 1075 613 1140 vel
626 1075 730 1138 etiam
747 1074 966 1158 propelleret,
980 1087 1136 1158 persaepe

190 1178 230 1236 ut
256 1173 296 1237 fit
320 1173 357 1236 in
380 1174 483 1237 rebus
505 1174 665 1239 humanis
687 1175 819 1240 viribus
847 1175 1005 1253 cassatis,
1034 1175 1136 1239 fidem

188 1273 348 1337 hostilem
377 1275 520 1357 praemio
548 1277 775 1358 pigneratus:
807 1283 933 1358 regnat
959 1275 1072 1339 adhuc
1100 1283 1136 1340 et

187 1373 298 1437 indies
321 1380 469 1456 augetur
483 1374 626 1459 hujusce
640 1376 818 1440 dedecoris
840 1376 1031 1454 calamitas,
1047 1383 1136 1440 utet

188 1474 281 1539 villae
296 1481 331 1538 et
347 1475 501 1539 ecclesiae
519 1476 739 1558 pensionibus
753 1484 1014 1558 supponantur3
1041 1483 1077 1540 et
1091 1496 1135 1541 ne

187 1573 254 1637 hoc
276 1574 414 1656 quidem
443 1583 612 1659 perpetua
640 1583 843 1640 exactorum
866 1577 945 1653 fide,
967 1577 1032 1639 sed
1058 1577 1135 1657 qui·

188 1693 325 1757 cunque
343 1675 423 1758 plus
446 1677 622 1754 obtulerit,
637 1677 768 1754 statim,
783 1678 895 1759 pactis
912 1675 1019 1740 irritis
1040 1677 1135 1758 prio·

188 1775 295 1852 ribus,
309 1776 460 1858 palmam
476 1776 614 1841 habeat.

240 1874 258 1957 §
279 1874 357 1941 281.
381 1876 547 1940 Extremo
569 1876 651 1941 vitae
678 1883 833 1958 tempore
853 1875 889 1938 in
917 1874 1135 1939 Normannia
1148 1898 1240 1939 worm

187 1975 360 2053 habitans,
376 1977 564 2040 contractis
578 1976 767 2040 inimicitiis
786 1995 865 2040 cum
883 1994 965 2057 rege
980 1975 1132 2039 Franco·
1145 1949 1244 2039 diffidi

185 2095 274 2152 rum,
299 2075 549 2159 aliquantisper
571 2096 608 2139 se
634 2077 823 2154 continuit3
861 2075 960 2160 cujus
986 2076 1132 2139 abutens
1145 2050 1232 2140 ῗιῖἱὲἷ.

186 2175 367 2257 patientia,
390 2175 573 2259 Philippus
596 2175 705 2239 fertur
722 2176 862 2254 dixisse,
875 2175 978 2240 ‘Rex
993 2172 1132 2256 Angliae

181 2275 278 2359 jacet
293 2274 494 2358 Rotomagi,
517 2297 614 2340 more
634 2276 872 2341 absolutarum
892 2283 996 2358 partu
1019 2275 1133 2338 foemi-

187 2394 310 2438 narum
341 2376 453 2440 cubile
481 2375 626 2453 fovens,'
645 2377 786 2460 jocatus
814 2376 851 2439 in
875 2375 950 2459 ejus
977 2382 1134 2439 ventrem

186 2494 288 2556 quern
309 2477 450 2557 potione
471 2476 662 2542 alleviarat.
715 2475 796 2555 Quo
818 2475 1032 2560 praestrictus
1051 2495 1134 2540 con-

186 2575 284 2653 vitio,
310 2563 500 2659 respondit,
523 2575 633 2640 ‘Cum
658 2576 700 2640 ad
727 2578 867 2640 missam
892 2582 972 2658 post
995 2582 1134 2658 partum

185 2676 270 2752 iero,
284 2669 441 2740 ²centum
455 2677 564 2741 millia
577 2676 740 2740 candelas
749 2677 781 2739 ei
794 2677 909 2742 libabo
920 2676 941 2755 ;'
951 2674 1037 2740 talia
1055 2680 1135 2757 ‘per

183 2776 470 2840 resurrectionem
495 2785 530 2842 et
552 2777 769 2859 splendorem
795 2776 873 2840 Dei’
888 2776 1134 2858 pronuncians,

185 2875 279 2958 quod
301 2876 429 2940 soleret
445 2896 488 2940 ex
503 2876 673 2941 industria
689 2876 774 2940 talia
790 2882 1008 2942 sacramenta
1021 2874 1135 2938 facere

186 2995 264 3058 quae
273 2977 350 3059 ipso
361 2970 476 3041 ³hiatu
490 2977 559 3040 oris
573 2977 758 3041 terrificum
769 2976 931 3058 quiddam
940 2974 1135 3039 auditorum

182 3075 358 3140 mentibus
372 3078 584 3141 insonarent.

154 3173 157 3178 ’
238 3175 345 3259 §282
371 3176 447 3241 Nec
469 3177 580 3242 multo
600 3184 693 3260 post,
707 3174 867 3258 Augusto
892 3193 1009 3239 mense
1029 3173 1134 3237 decli·
1148 3189 1295 3239 surerenas·

187 3283 305 3354 nante,
322 3275 461 3359 quando
476 3285 513 3342 et
526 3284 662 3359 segetes
683 3277 719 3340 in
740 3277 847 3358 agris,
861 3283 897 3340 et
918 3274 1009 3339 botri
1032 3274 1068 3336 in
1081 3274 1134 3338 vi·

188 3377 274 3455 neis,
289 3384 326 3441 et
339 3396 443 3460 poma
459 3377 495 3441 in
510 3376 694 3454 viridariis,
717 3377 852 3458 copiam
872 3375 927 3438 sui
940 3373 1136 3437 volentibus

223 3662 232 3694 ¹
243 3665 343 3730 Aliud]
363 3667 393 3717 C.
402 3666 438 3717 D.
446 3666 480 3715 Ε.
490 3681 497 3726 ;
508 3664 612 3714 omitted
623 3664 650 3712 in
672 3662 770 3726 lighted
782 3668 854 3724 toper
870 3660 897 3708 in
912 3660 957 3709 her
967 3659 1045 3722 hand,
1055 3665 1082 3709 at
1093 3660 1135 3710 the
1233 3680 1236 3686 ·

188 3735 223 3786 A.
235 3737 266 3787 S.
276 3737 308 3786 L.
673 3733 768 3782 church
779 3733 850 3794 door,
859 3731 945 3779 where
963 3731 1008 3780 she
1019 3731 1042 3779 is
1053 3731 1134 3792 sprin-

223 3803 351 3855 ’Centum
360 3805 438 3854 mittio
454 3805 565 3854 candelos
581 3803 604 3853 ei
621 3803 651 3852 li·
673 3803 734 3852 kled
744 3801 807 3851 with
821 3801 882 3862 boly
892 3805 980 3862 water,
991 3801 1041 3850 and
1057 3799 1134 3849 after·

188 3871 269 3944 boba]
298 3876 423 3937 Alluding
441 3878 467 3923 to
489 3875 531 3924 the
553 3878 651 3922 custom
673 3873 758 3922 warde
769 3871 909 3920 conducted
920 3870 1133 3933 intothechurch.

189 3960 288 3995 women
298 3945 461 3994 hadintbose
471 3945 536 4006 days
545 3943 574 3994 of
578 3944 651 3992 offer·
673 3942 727 3990 Tbe
753 3942 864 4003 practice
892 3955 972 3990 seems
998 3940 1135 3989 connected

189 4017 233 4078 ing
251 4015 349 4077 lighted
371 4015 474 4064 candles
493 4014 568 4063 when
591 4013 651 4073 they
675 4011 736 4060 with
755 4011 797 4060 the
816 4010 916 4060 festival
932 4010 961 4060 of
975 4011 1017 4059 the
1041 4011 1136 4059 Purifi-

188 4100 256 4135 were
272 4086 409 4136 churched.
436 4085 487 4136 Mr.
495 4084 591 4144 Sharpe
607 4084 652 4131 ob·
675 4083 758 4130 aetion
768 4097 776 4141 ;
786 4096 811 4131 v.
823 4080 940 4141 Durand‚
951 4081 996 4130 lib.
1008 4094 1090 4130 v11.c.
1103 4081 1137 4129 7.’

187 4169 285 4218 serves,
306 4155 376 4204 ‘'l'he
395 4154 499 4204 Romish
520 4153 598 4202 rituad
613 4152 652 4201 di·
710 4149 841 4214 8Ηίιιιιι]
866 4151 896 4200 C.
914 4151 949 4199 D.
966 4152 1016 4210 E.;
1038 4151 1137 4211 habitu,

189 4230 255 4276 recta
266 4226 308 4275 the
320 4240 419 4276 woman
429 4231 455 4274 to
466 4225 551 4287 kneel,
560 4223 624 4272 with
635 4238 651 4273 a
677 4222 706 4271 S.
716 4239 723 4282 ;
740 4222 832 4285 halitu,
843 4221 888 4282 L.;
905 4221 981 4284 rictu,
992 4219 1025 4271 A.
