2866 4868
131 418 203 468 ms.
220 402 270 485 1.]‚
430 418 604 469 rusrolui
628 418 805 467 novanti.
1026 401 1093 465 695

133 575 330 642 discernere
352 578 483 661 populo
506 579 669 661 quisnam
693 596 812 641 eorum
828 573 960 659 justius
984 573 1089 656 elige·

135 684 232 741 retur
246 696 269 740 a
285 678 390 742 clero.
437 677 614 743 Preevenit
626 685 743 741 tamen
760 694 842 758 pars
855 694 934 758 quae
950 674 1090 740 favebat

136 775 309 858 Gregorio
334 784 375 841 ut
396 777 557 860 pontifex
581 776 764 841 ordinatus
781 782 966 840 vocaretur
981 774 1088 839 Inno-

135 877 291 941 centius:
311 895 453 960 sparsus
469 884 524 940 est
540 877 646 942 etiam
662 895 778 939 rumor
794 875 832 938 in
846 874 981 957 plebem
995 876 1088 957 quod

137 975 249 1040 adhue
268 975 448 1041 Honorius
474 977 635 1061 spiraret,
650 982 686 1040 et
702 976 754 1039 itu
774 974 848 1038 fieri
871 975 1086 1057 praeciperet.

137 1074 310 1140 ductores
338 1075 478 1142 fuerunt
507 1077 612 1162 hujus
640 1073 866 1140 ordinationis
891 1074 1088 1139 Willelmus

139 1175 377 1240 Praenestinus
423 1177 619 1259 episcopus,
653 1175 830 1240 Mathaeus
864 1172 1087 1252 albanensis,

137 1274 319 1341 Corradus
343 1275 556 1354 Sabiuensis,
573 1275 597 1339 J
599 1275 753 1340 ohannes
780 1274 993 1352 Hostiensis,
1019 1275 1087 1338 Pe-

136 1382 212 1440 trus
229 1373 423 1440 cremensis
447 1375 491 1440 de
513 1375 616 1443 titulo
641 1376 754 1440 sancti
774 1373 969 1456 crisogoni,
997 1373 1087 1438 Hai-

137 1475 284 1540 mericus
309 1475 548 1540 cancellarius.
599 1474 650 1541 At
664 1495 748 1540 vero
776 1492 859 1558 pers
887 1474 1009 1551 altera,
1032 1493 1086 1537 se-

136 1575 236 1657 pulto
248 1575 325 1659 jam
342 1574 515 1653 Honorio,
532 1575 770 1640 annitentibus
793 1573 957 1637 fratribus
976 1573 1086 1652 Petri,

135 1674 417 1757 locupletissimis
432 1674 669 1741 Romanorum
684 1683 720 1739 et
732 1673 994 1757 potentissimis,
1008 1693 1086 1736 eum

137 1773 285 1839 electum
299 1781 335 1839 et
349 1782 524 1840 sacratum
538 1776 678 1840 vocavit
693 1772 915 1838 Anacletum.
968 1772 1086 1837 Maxi-

136 1893 213 1938 mus
230 1873 334 1958 hujus
351 1874 578 1939 ordinationis
593 1873 751 1938 hortator
771 1880 806 1937 et
820 1879 942 1935 auctor
960 1871 1087 1935 Petrus

137 1972 342 2038 Portuensis
359 1975 541 2057 episcopus
558 1974 643 2038 fuit:
660 1972 760 2057 cujus
775 1971 959 2055 epistolam
975 1970 1006 2034 si
1021 1991 1086 2053 po-

134 2091 248 2150 suero,
265 2092 308 2138 ea
331 2093 468 2138 omnem
491 2073 764 2140 controversiam
785 2071 931 2156 aperiet,
946 2071 1087 2154 pronior

135 2178 253 2236 tamon
268 2172 306 2238 in
321 2173 543 2239 Anacletum.

142 2420 144 2425 ¹
172 2364 345 2414 EPISTULA
369 2366 475 2415 PETRI
499 2363 722 2413 PORTUENSIS
745 2362 792 2410 DE
816 2361 939 2409 EADEM
962 2358 1049 2409 0οΝ-

513 2463 706 2513 ΤΕΝΤΙΟΝΕ.

187 2573 207 2657 §
231 2574 264 2638 5
298 2574 449 2639 ‘Petrus
479 2571 683 2638 Portuensis
713 2569 909 2653 episcopus,
936 2573 1087 2650 quatuor
1102 2583 1152 2633 Eris
1101 2582 1242 2673 piniti

136 2673 309 2788 episcopis
336 2674 512 2740 Willelmo
540 2670 771 2748 Praenestino,
794 2668 949 2734 Mathaeo
977 2665 1086 2731 Alba·
1101 2634 1164 2724 oiio
1163 2688 1202 2723 ao.
1223 2643 1249 2681 ⁰⁹

137 2773 248 2851 nensi,
286 2771 447 2839 Conrado
488 2768 683 2848 Sabiuensi,
722 2769 745 2833 J
748 2769 876 2835 ohanm
917 2766 1085 2830 Ostiensi.

137 2870 281 2951 Quanta
307 2873 354 2939 sit
375 2893 438 2956 pro
463 2872 561 2937 vobis
585 2870 765 2937 tribulatio
790 2869 902 2932 cordis
925 2867 1004 2943 mei,
1026 2866 1086 2930 ille

137 2971 234 3036 solus
255 2974 354 3039 novit
370 2973 430 3056 qni
446 2971 563 3037 omnia
588 2968 708 3036 novit:
732 2968 830 3034 vobis
847 2985 984 3049 quoque
1000 2966 1086 3029 meis

138 3070 248 3137 literis
265 3073 443 3156 cognitum
460 3072 584 3136 saltem
596 3071 672 3153 jam
685 3087 731 3132 ex
749 3073 848 3150 parte
868 3065 1003 3141 fuisset,
1018 3064 1085 3127 nisi

137 3172 293 3237 ecclesiae
318 3171 490 3237 sententia
514 3178 550 3235 et
575 3168 766 3234 eommunis
793 3164 982 3229 auctoritas
1004 3183 1085 3245 pro-

135 3269 281 3337 hiberetss
333 3273 388 3336 De
417 3269 715 3336 commendatione
746 3285 809 3331 seu
832 3263 1086 3346 vituperatione

136 3384 364 3454 personarum
386 3371 430 3436 de
450 3371 576 3455 quibus
600 3388 691 3432 nunc
716 3383 913 3430 sermonum
935 3361 1086 3427 varietas

138 3470 307 3552 agitatur,
333 3489 403 3534 non
429 3477 483 3534 est
506 3468 611 3553 hujus
637 3467 803 3550 temporis
822 3463 1002 3547 judicare:
1034 3468 1088 3525 est

138 3570 201 3652 qui
215 3578 350 3652 quaerat
360 3576 396 3634 et
401 3568 547 3654 judicet.
582 3567 620 3631 Si
634 3574 752 3631 tamen
764 3564 949 3649 quisquam
959 3567 1088 3643 praesto

138 3667 245 3733 suerit
266 3687 441 3747 accusare,
458 3675 588 3753 praesto
604 3666 670 3731 erit
683 3676 719 3730 et
735 3666 795 3748 qni
810 3664 934 3727 debeat
949 3679 1088 3742 respon-

139 3767 241 3850 dere3
263 3769 457 3853 praesertim
481 3787 557 3833 cum
581 3767 618 3830 in
632 3773 750 3830 vestro
769 3772 805 3829 et
821 3782 910 3839 meo,
926 3762 1031 3824 immo
1052 3760 1090 3822 in

140 3869 250 3933 totius
265 3870 419 3935 ecclesiae
435 3874 635 3951 conspectu,
651 3874 797 3948 uterque
821 3861 996 3943 sapienter
1011 3859 1090 3923 vix-

140 3968 208 4033 erit
228 3975 265 4033 et
279 3968 435 4048 honeste,
447 3977 482 4034 et
494 3987 573 4052 quae
590 3964 693 4031 officii
709 3965 763 4030 sui
780 3969 879 4028 erant
892 3961 995 4044 plena
1008 3957 1093 4021 huc·

139 4087 251 4152 usqne
278 4070 474 4135 exercuerit
504 4067 675 4131 libertate.
728 4063 914 4129 Abstinere
939 4077 1002 4124 vos
1028 4078 1091 4140 po-

140 4167 212 4233 tius
226 4169 388 4235 convenit
411 4189 432 4234 a
454 4167 669 4235 sermonibus
686 4164 807 4230 otiosis
823 4169 859 4227 et
874 4161 987 4226 verbis
1004 4177 1093 4257 pree·

891 4277 906 4321 2
924 4285 938 4319 z
955 4276 970 4319 2
