2866 4868
200 386 362 469 cre.111.]
432 404 546 454 cnsvs
571 406 698 456 uncuu
721 407 936 473 nucnpnuu.
1087 398 1152 463 453

198 565 319 649 repsit,
335 574 376 631 ut
393 567 485 652 quod
508 568 661 633 febribus
685 576 761 633 erat
782 569 952 654 reliquum
973 571 1052 654 ipsa
1073 590 1149 636 cor-

196 666 335 751 riperet.

250 767 368 851 §m
394 768 528 833 Praeter
552 777 696 834 caeteras
723 771 882 846 virtutes,
910 771 1084 852 praecipue
1110 773 1304 852 incaseatos

198 867 310 949 prima
334 869 569 934 adolescentia
592 872 789 935 castitatem
815 871 986 953 suspexit,
1006 871 1043 934 in
1069 841 1293 935 tan-dliii*

197 973 272 1030 tum
298 975 338 1033 ut
362 969 498 1052 publice
519 979 692 1035 sereretur
716 970 801 1034 nihil
822 970 919 1033 illum
941 972 976 1034 in
1003 970 1145 1035 foemina

196 1086 318 1150 posse3
341 1078 581 1148 veruntamen,
598 1091 643 1135 ex
668 1089 849 1154 procerum
875 1071 1047 1134 sententia
1069 1091 1143 1135 ma-

196 1168 358 1235 trimonio
376 1169 547 1247 addictus,
563 1172 614 1234 ita
637 1191 674 1235 se
701 1171 773 1253 egit
796 1176 836 1233 ut
863 1170 1019 1253 pluribus
1041 1172 1142 1235 annis

196 1269 324 1333 nullius
350 1272 468 1354 probri
501 1271 697 1354 suspicione
726 1276 917 1335 notaretur.
978 1271 1076 1335 Tulit
1098 1291 1142 1336 ex

196 1365 344 1435 Matilde
359 1371 488 1436 liberos
505 1371 646 1448 multos,
663 1390 754 1454 quae,
772 1377 808 1435 et
824 1370 950 1435 marito
969 1373 1143 1453 morigera

194 1474 229 1532 et
259 1471 357 1553 prole
389 1471 563 1549 foecunda,
595 1472 722 1536 nobilis
747 1471 814 1536 viri
841 1471 994 1534 animum
1021 1472 1055 1535 in
1086 1473 1142 1535 sui
1191 1539 1206 1557 ‚

193 1570 320 1633 amoris
337 1571 505 1636 incitabat
522 1572 698 1636 aculeum:
723 1590 921 1654 quanquam
939 1591 1009 1635 non
1027 1571 1142 1636 desint

192 1668 251 1751 qui
268 1671 438 1753 ganniant
453 1693 529 1737 eum
557 1671 736 1736 coelibatui
752 1671 897 1755 antiquo
920 1673 1141 1736 renunciasse

191 1788 270 1832 cum
295 1771 392 1852 regia
416 1780 572 1855 potestas
598 1772 818 1848 accrevisset,
844 1772 1039 1836 volutatum
1061 1792 1140 1836 cum

191 1867 372 1954 cujusdam
403 1873 597 1957 presbyteri
624 1873 707 1949 lilia,
735 1891 839 1955 quam
865 1890 928 1954 per
954 1871 1140 1936 satellitem

191 1970 327 2036 succiso
350 1973 482 2057 poplite
509 1972 667 2037 Matildis
695 1973 895 2051 sustulerit3
927 1980 1140 2055 quapropter

189 2069 287 2134 illum
305 2073 576 2151 exhaeredatum,
598 2074 695 2137 illam
711 2072 755 2136 ad
772 2079 917 2136 mortem
933 2072 1042 2136 fraeno
1059 2075 1140 2155 eqni

189 2189 327 2236 caesam.
381 2166 466 2238 ¹Sed
482 2174 557 2238 haec
573 2174 616 2237 de
634 2180 733 2238 tanto
750 2191 832 2255 rege
844 2172 982 2236 credere
999 2172 1138 2236 demen-

189 2270 248 2337 tiae
278 2273 436 2354 ascrib03
475 2275 541 2339 hoc
568 2280 769 2338 constanter
798 2291 1014 2351 asseverans,
1044 2273 1137 2355 quod

190 2371 407 2455 aliquantula
432 2374 590 2439 simultas
617 2376 708 2439 inter
738 2393 798 2439 eos
825 2374 946 2438 innata
971 2375 1138 2439 extremis

191 2473 292 2536 annis
314 2473 419 2538 fuerit
440 2496 503 2559 pro
530 2475 686 2541 Roberto
717 2475 800 2551 filio,
825 2476 882 2538 cni
908 2482 1020 2539 mater
1046 2475 1136 2538 mili-

190 2577 300 2636 tarem
325 2592 466 2638 manum
486 2596 531 2640 ex
554 2576 628 2640 fisci
649 2575 840 2640 redditibus
866 2573 1022 2639 sufficere
1045 2574 1135 2639 dice·

187 2670 310 2738 batur:
333 2693 453 2739 verum
469 2682 611 2760 propter
624 2677 689 2741 hoc
701 2675 787 2740 nihil
804 2674 999 2758 conjugalis
1012 2673 1136 2756 gratiae

189 2770 396 2838 diminutum
409 2774 484 2860 ipse
501 2776 664 2854 ostendit,
680 2776 762 2839 dum
777 2781 927 2858 quatuor
940 2775 1040 2838 annis
1054 2781 1270 2839 antean-10⁸³·

190 2892 229 2937 se
251 2874 462 2954 defunctam,
489 2884 524 2941 et
550 2875 900 2959 magnificentissimis
919 2875 1052 2939 inferiis
1075 2895 1136 2938 ex-

189 2973 282 3052 tulit,
297 2982 344 3053 et,
362 2976 550 3060 lachrymis
566 2977 770 3060 permultos
795 2976 868 3039 dies
889 2975 1037 3039 ubertim
1054 2995 1135 3057 pro·

188 3081 341 3154 secutus,
355 3077 491 3140 amissae
508 3076 712 3140 charitatem
727 3076 985 3153 desideraverit,
1001 3077 1085 3158 quin
1100 3082 1136 3139 et

180 3193 233 3237 ex
259 3194 301 3239 eo
326 3183 492 3259 tempore,
517 3177 547 3241 si
570 3178 754 3255 credimus,
779 3178 822 3240 ab
848 3177 941 3241 omni
955 3175 1135 3260 voluptate

188 3273 345 3340 descivit.
395 3270 560 3360 ²Sepulta
584 3285 639 3342 est
667 3279 788 3359 regina
812 3275 975 3340 Cadomis
1001 3276 1038 3337 in
1063 3295 1135 3339 mo·

224 3449 232 3479 ¹
251 3452 301 3503 Sed
311 3453 362 3503 ltoee
428 3454 543 3518 aeda]
562 3454 649 3504 ‘seul-
673 3453 848 3514 cadomensis,
857 3452 952 3500 ibidem
964 3451 1078 3500 ediditin
1090 3449 1135 3500 8⁰!

186 3527 241 3572 tum
251 3523 331 3586 igitur
348 3538 379 3574 ac
396 3525 495 3574 omnino
505 3524 648 3575 fabulosum
671 3524 752 3591 (Note
763 3525 789 3571 in
801 3524 884 3583 Bouq.
896 3535 932 3570 ru.
944 3537 970 3582 p.
983 3518 1052 3585 188.)

188 3592 237 3643 hac
252 3594 280 3643 in
296 3599 367 3656 parte
384 3599 423 3644 est
433 3595 567 3644 chronicon
583 3596 649 3644 Nor·

106 3721 111 3732 ‚
189 3666 308 3728 munniae,
318 3665 380 3714 dum
397 3665 425 3714 id
442 3667 546 3715 monstri
556 3665 614 3728 tert,
624 3671 649 3714 et
708 3662 838 3727 'Sepulta
860 3665 896 3711 eet
917 3660 1004 3723 regino
1021 3661 1135 3710 cadomis

187 3732 253 3783 illud
274 3735 359 3798 ipsum
386 3739 472 3785 contra
500 3735 649 3797 scriptorum
672 3735 700 3782 ia
710 3731 854 3782 manetem
870 3736 960 3782 eaaetoe
976 3726 1131 3798 Trinitatis]

189 3805 327 3867 equalium
348 3805 521 3855 auctoritatem
548 3805 651 3854 exhibet
674 3804 784 3854 Matilde
808 3802 869 3852 died
896 3803 946 3851 and
968 3802 1036 3850 Nov.
1060 3805 1133 3851 1083.

188 3879 309 3938 tanquam
337 3876 493 3926 occasionem
522 3881 650 3925 construe·
673 3875 723 3924 She
742 3872 900 3936 hequeathed
918 3877 945 3922 to
963 3871 1014 3920 this
1035 3885 1134 3920 monas·

189 3944 266 3995 tionis
292 3947 400 3996 dunum
422 3946 528 3995 Cudomi
554 3947 652 3996 abbati·
674 3946 785 4007 teryher
803 3946 1015 4004 crovvn,sceptre,
1028 3942 1079 3991 und
1095 3957 1135 3990 or-

190 4029 272 4067 arum.
296 4016 363 4065 Vide
384 4016 537 4079 Apologiam
553 4016 652 4067 Willel·
674 4020 788 4065 nements
799 4013 908 4064 ofstate.
942 4013 968 4062 A
979 4011 1136 4073 copyoiber

191 4086 236 4148 mi,
253 4101 330 4148 qnam
348 4086 465 4135 dominus
480 4092 565 4136 noster
584 4088 652 4137 Mat·
674 4086 730 4136 will
746 4100 805 4146 may
815 4084 846 4132 be
865 4098 925 4133 seen
942 4083 969 4131 in
986 4083 1028 4131 the
1046 4083 1135 4132 Essais

190 4155 274 4206 thoeus
292 4157 325 4206 de
336 4156 362 4206 la
373 4157 475 4220 Dangie
484 4159 517 4207 de
527 4158 652 4220 Rauchie,
676 4157 848 4217 Historiques,
864 4154 899 4215 by
915 4151 1042 4203 menube
1059 4153 1091 4201 de
1109 4153 1136 4201 la

189 4226 336 4279 cellerarius
354 4228 464 4277 abbatia
485 4229 512 4278 S.
530 4228 651 4290 Stephani
675 4228 811 4289 Rue,tom.
828 4238 856 4275 11.
874 4240 900 4286 p.
912 4227 970 4273 487.

922 4298 985 4362 2³
