2866 4868
449 888 876 971 PROLOGUS

367 1097 424 1155 IN
453 1098 659 1160 LIBRUM
693 1099 951 1166 QUINTUM.

595 1297 717 1309 ¹¹—

184 1455 319 1504 1N01P1'r
337 1456 523 1506 PROLOGUS
544 1457 707 1505 EJUSDEM
726 1456 763 1503 ΙΝ
785 1457 925 1506 LIBRUM
949 1458 1132 1517 QUlN'l'UM.

192 1594 218 1651 ‚c‘
253 1636 258 1643 χ
304 1594 328 1642 1²>
340 1581 470 1647 RDIN
474 1583 503 1646 E
530 1602 643 1646 rerum
675 1590 832 1659 vocante,
865 1590 1001 1666 tempus
1033 1584 1131 1648 Hen-

199 1685 226 1761 ἢ»,
287 1720 291 1754 s
316 1735 323 1756 ¹,
359 1682 423 1746 rici
450 1683 543 1764 regis
566 1683 712 1764 ingressi
734 1701 874 1746 sumus:
907 1684 1007 1768 cujus
1032 1692 1133 1766 gesta

216 1764 309 1844 5¹⁴2?
360 1783 443 1864 styli
477 1782 588 1847 officio
628 1782 777 1866 posteris
811 1783 959 1860 tradere,
990 1784 1130 1867 majoris

361 1901 465 1964 quam
491 1903 513 1946 a
534 1883 632 1947 nobis
656 1883 780 1947 debeat
797 1876 948 1965 ¹exquiri
973 1890 1026 1947 est
1050 1903 1132 1967 ope-

184 2001 256 2063 rae3
282 2002 362 2047 nam
385 1989 421 2046 et
444 1983 474 2047 si
500 1983 576 2046 sola
603 2002 681 2065 quae
708 1988 846 2047 nostras
878 2003 978 2047 aures
1005 1984 1131 2066 attige-

184 2090 267 2147 runt
301 2083 430 2165 scripto
460 2081 720 2160 mandarentur,
751 2083 934 2165 cujuslibet
968 2083 1130 2166 eloquen-

186 2183 311 2247 tissimi
340 2201 464 2246 nervos
489 2181 650 2264 fatigare,
674 2189 709 2245 et
734 2164 881 2263 g'randia
909 2191 1052 2266 possent
1076 2203 1132 2246 ar-

186 2283 296 2346 maria
318 2301 477 2364 gravare.
530 2281 619 2360 Quis
649 2302 733 2364 ergo
762 2289 905 2346 conetur
929 2283 1046 2346 omnia
1069 2283 1131 2348 illa

185 2381 406 2446 consiliorum
421 2382 584 2464 pondera,
600 2382 662 2445 illa
677 2388 853 2464 gestorum
868 2382 1037 2464 regalium
1056 2403 1130 2448 mo·

184 2482 317 2559 limina,
347 2481 553 2545 enucleatim
583 2483 765 2545 retexeret
792 2482 925 2546 altioris
954 2489 1036 2546 sunt
1061 2483 1131 2547 ista

186 2582 317 2663 negotii
331 2589 366 2645 et
382 2581 555 2646 otiosioris
572 2582 688 2645 animi.
734 2580 808 2645 Vix
824 2581 899 2645 haec
916 2581 1058 2646 auderet
1072 2585 1129 2648 vel

187 2679 309 2746 Cicero
323 2681 360 2744 in
372 2699 488 2764 prosa,
503 2681 604 2765 cujus
619 2681 742 2745 adorat
755 2680 846 2744 sales
858 2689 933 2744 tota
945 2681 1130 2761 Latinitas,

185 2781 242 2847 vel
269 2781 300 2845 si
323 2781 400 2864 quis
418 2800 578 2862 versuum
602 2781 720 2845 favore
740 2781 969 2844 Mantuanum
990 2781 1130 2847 lacessit

186 2889 337 2965 poetam.
388 2879 488 2944 Adde
505 2881 608 2963 quod,
624 2881 705 2944 dum
730 2881 900 2961 ambiguis
923 2881 1129 2946 relatoribus

186 2981 289 3046 fidem
305 2979 461 3057 detraho,
485 2980 586 3044 homo
608 2978 730 3062 procul
744 2981 788 3042 ab
803 2979 923 3042 aulicis
946 2982 1131 3063 mysteriis,

186 3087 351 3158 secretus,
375 3078 509 3163 majora
532 3087 633 3161 gesta
655 3080 831 3161 ignorans,
853 3080 973 3161 paucis
990 3100 1131 3145 manum

187 3200 335 3264 appono.
387 3180 506 3259 Quare
530 3179 717 3244 verendum
742 3185 806 3255 est,
833 3199 888 3255 ne,
912 3179 993 3243 dum
1020 3181 1130 3246 literae

186 3280 319 3345 distant
359 3281 402 3344 ab
437 3279 542 3344 animi
571 3287 666 3356 voto,
703 3278 815 3342 minor
841 3278 1000 3343 videatur
1031 3281 1130 3363 cujus

187 3388 289 3462 gesta
299 3380 409 3444 multa
422 3387 604 3466 praetereo.
635 3379 873 3444 Veruntamen
888 3378 990 3462 hujus
1006 3380 1131 3463 culpae,

187 3481 218 3545 si
235 3481 337 3564 culpa
355 3477 500 3544 dicenda
521 3487 585 3557 est,
602 3481 694 3542 bona
711 3479 777 3542 erit
791 3478 882 3561 apud
898 3478 995 3542 illum
1010 3480 1131 3563 depre-

187 3581 279 3644 catio
294 3580 353 3664 qui
370 3580 561 3644 meminerit
581 3599 636 3642 me
651 3599 714 3642 nec
728 3578 843 3642 omnia
857 3578 931 3662 ejus
954 3587 1054 3660 gesta
1069 3601 1131 3662 po-

187 3680 296 3744 tuisse
319 3699 433 3757 nosse,
457 3698 520 3742 nec
542 3679 658 3743 omnia
675 3697 753 3760 quae
777 3697 940 3741 noveram
965 3680 1132 3762 scriptum

186 3779 229 3842 iri
243 3779 421 3844 debuisse:
445 3780 591 3844 alterum
615 3777 771 3860 exegerit
785 3797 942 3859 personae
965 3798 1050 3842 meae
1071 3799 1132 3843 ex·

187 3879 293 3956 ilitas,
318 3879 466 3942 alterum
489 3886 652 3943 coactura
673 3878 719 3941 sit
740 3877 948 3941 lecturorum
976 3879 1131 3943 satietas.

189 3977 310 4043 Pauca
330 3978 438 4062 igitur
463 3998 577 4042 rerum
609 3978 684 4061 ejus
710 3976 797 4039 liber
819 3977 874 4040 hic
901 3977 1043 4061 quintus
1069 3999 1133 4043 suo

359 4235 368 4268 ¹
384 4234 515 4299 Esquili]
533 4235 568 4285 D.
579 4236 631 4295 E.;
647 4235 750 4284 omitted
765 4235 791 4284 in
802 4235 836 4285 A.
849 4236 877 4286 S.
891 4238 919 4285 C.
930 4237 962 4286 L.

933 4312 955 4375 2
969 4329 987 4375 s
