2866 4868
123 429 190 475 ure.
211 412 267 494 ru]
413 426 587 476 ureretur
609 426 788 476 novrum.
1009 411 1075 476 727

123 585 209 649 nibil
231 586 370 650 omnino
392 585 446 672 (in
468 592 637 668 quantum
654 581 811 669 valebat)
834 584 1003 668 reliquum
1022 587 1074 651 fa-

123 687 217 751 ciens
240 687 331 769 quod
357 692 476 770 posset
497 686 645 751 inimicis
676 685 749 750 suis
782 685 857 750 esui
879 686 937 750 vel
969 687 1073 752 alicui

123 789 203 852 usui
218 800 302 852 esse.

73 963 79 975 '
190 977 238 1028 uu
262 978 370 1028 oerru
398 978 445 1028 nr
472 977 632 1027 uermes
659 978 812 1028 uoosuu
841 976 1003 1028 urucorr

98 1059 100 1064 ’
482 1078 715 1130 sunusuruuu.

174 1186 260 1272 §32
284 1185 403 1251 Tertio
427 1185 505 1250 idus
520 1185 721 1250 Decembris
739 1185 915 1268 Rogerius
938 1186 1073 1270 episco·
1085 1206 1188 1268 nestra

125 1306 191 1370 pus
218 1286 414 1352 Salesbiriee
438 1285 568 1350 febrem
598 1293 817 1369 quartanam,
831 1306 908 1370 qua
931 1287 1072 1372 jamdu·
1085 1258 1234 1358 11οὲ311ἳὲ111

127 1387 209 1450 dum
220 1388 463 1470 quassabatur,
473 1381 481 1418 ¹
490 1387 655 1451 beneficio
666 1378 786 1452 mortis
801 1388 912 1453 evasit
927 1407 936 1451 ε
955 1388 1073 1452 dolore
1086 1360 1136 1399 Μ’
1147 1361 1179 1398 ¹¹'

126 1487 233 1551 animi
249 1487 346 1552 aiunt
361 1507 440 1551 eum
461 1487 675 1552 contraxisse
689 1487 934 1566 valetudinem,
950 1495 1072 1570 utpote

125 1588 233 1652 tantis
255 1595 291 1652 et
311 1594 383 1652 tam
409 1586 537 1652 crebris
557 1607 579 1652 a
600 1607 682 1670 rege
702 1587 880 1671 Stephano
896 1587 1072 1671 pulsatum

124 1688 361 1753 incommodis.
413 1689 502 1753 Eum
519 1687 603 1752 mihi
619 1688 756 1753 videtur
767 1689 864 1753 Deus
877 1688 1073 1771 exemplum

127 1788 292 1854 divitibus
315 1808 379 1873 pro
406 1788 625 1854 volubilitate
650 1808 765 1852 rerum
798 1788 1007 1866 exhibuisse,
1030 1809 1073 1853 ne

127 1895 268 1972 sperent
292 1889 329 1953 in
346 1888 479 1954 incerto
504 1887 724 1970 divitiarum3
747 1909 835 1973 quas
857 1890 997 1972 quidam
1018 1883 1074 1974 (ut

126 1989 178 2054 ait
190 1983 405 2073 ²apostolus)
420 1996 622 2073 appetentes
638 2009 660 2054 a
678 1989 746 2054 fide
766 1990 1073 2073 naufragaverunt.

129 2089 333 2154 Insinuatus
361 2096 414 2154 est
435 2090 546 2173 primo
567 2090 686 2154 comiti
706 2089 872 2167 Henrico,
895 2091 955 2172 qui
977 2098 1074 2172 post·

128 2190 268 2254 modum
292 2211 355 2255 rex
382 2189 460 2267 fuit,
485 2209 549 2272 pro
582 2190 766 2273 prudentia
790 2210 845 2254 res
869 2190 1075 2254 domesticas

128 2289 401 2368 administrandi,
415 2298 451 2354 et
466 2289 588 2353 luxum
603 2289 744 2354 familiae
759 2290 952 2355 cohibendi.
993 2290 1076 2355 Fuit

129 2391 221 2456 enim
247 2390 421 2456 Henricus
445 2397 527 2454 ante
556 2410 700 2473 regnum
732 2390 768 2454 in
795 2391 958 2473 expensis
980 2391 1076 2473 parci

130 2492 236 2555 animi
260 2498 296 2557 et
309 2491 414 2573 frugi,
434 2491 580 2574 penuria
601 2491 734 2556 scilicet
748 2491 797 2555 rei
818 2489 997 2555 familiaris
1021 2510 1077 2554 as-

130 2590 266 2670 trictuS,
280 2591 445 2657 fratribus
460 2590 637 2656 Willelmo
655 2599 690 2656 et
705 2591 860 2656 Roberto
875 2599 1079 2673 arroganter

131 2711 210 2756 eum
224 2692 466 2757 tractantibus.
518 2690 629 2776 Cujus
652 2692 800 2774 cognitis
822 2691 1078 2768 1101111113,Βο-

132 2779 248 2874 gerius
265 2793 316 2857 ite
330 2812 408 2857 eum
426 2799 580 2874 tempore
593 2793 719 2874 inopiae
735 2791 915 2869 demeruit,
932 2798 983 2869 ut,
1001 2811 1079 2856 cum

131 2893 191 2957 ille
212 2893 337 2957 solium
358 2892 457 2975 regui
479 2892 701 2970 ascendisset,
719 2892 805 2956 nihil
830 2891 862 2955 ei
877 2893 932 2955 vel
955 2911 1079 2973 parum

132 3000 276 3074 negaret
310 2992 402 3076 quod
429 2993 504 3074 ipse
533 2992 720 3075 petendum
749 2998 925 3075 putasset:
960 2991 1080 3072 largiri

132 3092 275 3175 praedia,
290 3092 465 3170 ecclesias,
477 3092 680 3176 praebendas
695 3092 907 3169 clericorum,
923 3091 1081 3156 abbatias

132 3193 286 3275 integras
317 3191 575 3270 monachorum,
600 3193 714 3274 ipsum
737 3198 911 3275 postremo
937 3211 1082 3273 regnum

134 3292 214 3358 fidei
239 3293 315 3378 ejus
339 3292 572 3359 committere:
596 3291 838 3356 cancellarium
853 3292 952 3356 initio
971 3293 1081 3374 regni,

129 3413 199 3458 nec
215 3393 324 3458 multo
339 3400 420 3477 post
437 3393 634 3476 episcopum
648 3392 856 3470 Salesbiriee,
873 3392 964 3457 fecit
1011 3393 1083 3457 Ro·

134 3494 251 3575 gerius
267 3513 350 3575 ergo
368 3494 494 3576 agebat
514 3512 648 3571 causas,
664 3494 739 3576 ipse
760 3491 1006 3558 moderabatur
1021 3513 1081 3557 ex·

135 3577 276 3678 pensas,
299 3595 375 3678 ipse
408 3595 570 3658 servabat
594 3612 722 3674 gazas3
754 3593 819 3657 hoc
852 3594 992 3678 quando
1019 3613 1082 3657 rex

136 3701 212 3759 erat
236 3694 272 3758 in
298 3692 441 3777 Anglia,
464 3693 530 3758 boc
558 3693 632 3757 sine
654 3695 748 3758 socio
773 3701 808 3758 et
834 3700 924 3758 teste
946 3676 1097 3775 quando'

134 3792 246 3881 (quod
263 3795 384 3859 crebro
405 3801 441 3858 et
454 3794 515 3858 diu
537 3789 680 3878 accidit)
693 3795 892 3859 morabatur
910 3792 1083 3857 Norman·

135 3895 215 3960 niae.
268 3894 344 3959 Nec
363 3895 475 3961 solum
492 3913 620 3976 aroge,
643 3895 704 3959 sed
725 3902 760 3959 et
781 3894 824 3958 ab
846 3892 1084 3983 optimatibus,

174 4165 340 4235 menaea]
358 4170 431 4221 uo.
443 4138 515 4234 ua.;
533 4173 600 4222 abe-

136 4239 234 4302 reficio,
245 4241 277 4291 E.

660 4202 831 4270 'Apostolru.]
844 4209 857 4253 l
869 4205 934 4254 Tim.
947 4217 966 4254 1.
980 4206 1020 4255 19.

900 4326 915 4371 3
933 4335 947 4371 e
965 4325 981 4373 2
