2866 4868
346 428 413 496 644
554 445 668 495 casm
691 447 818 495 aaron
842 446 1057 495 suenonuu.
1157 431 1245 513 [nra.
1262 445 1296 492 v.
1360 463 1362 467 -

347 601 551 667 Anselmum
573 601 868 686 arehiepiscopum
889 602 1049 682 babitas3
1072 601 1135 667 vix
1152 601 1295 666 tandem

348 703 392 766 ad
410 703 706 779 consentiendum,
721 723 784 786 pro
801 703 934 785 ingenti
954 703 1020 766 Dei
1040 701 1166 784 gratia,
1181 702 1295 783 inglo-

347 803 441 866 riosa
467 802 510 865 de
543 801 650 866 fratre
682 803 829 866 victoria
858 801 1019 866 inflexus.
1070 801 1138 865 Sed
1169 801 1292 865 barum

346 920 528 966 causarum
549 909 703 965 tenorem
726 901 835 965 multo
852 903 1035 965 vorborum
1052 901 1197 965 circuitu
1220 901 1295 982 egit

345 1001 505 1065 dominus
531 993 741 1066 ¹Edmerus:
779 1018 854 1076 nos,
884 1020 948 1082 pro
979 1000 1131 1083 pleniore
1153 1001 1293 1078 notitia,

346 1099 528 1164 Paschalis
553 1120 646 1183 saepe
670 1099 753 1164 dicti
775 1100 957 1182 apostolici
979 1100 1175 1183 scriptaad
1200 1099 1293 1164 hanc

346 1220 418 1263 rem
432 1200 642 1282 pertinentia
657 1201 910 1266 subnectemus·

183 1318 317 1360 aeternam
398 1298 505 1382 §414
529 1298 732 1363 ‘Paschalis
754 1300 936 1381 episcopus
961 1297 1117 1362 Henrieo
1139 1299 1216 1379 regi
1237 1317 1293 1362 sa-

182 1369 464 1462 ll’lliiailfllutem.
516 1397 560 1461 In
581 1399 692 1462 literis
710 1417 798 1481 quas
819 1417 930 1481 nuper
952 1398 995 1461 ad
1017 1417 1081 1462 nos
1104 1417 1166 1480 per
1189 1397 1294 1461 fami-

182 1473 248 1510 Μ’
344 1497 464 1561 liarem
485 1504 596 1575 tuum,
620 1505 749 1561 nostrae
774 1496 966 1561 dilectionis
984 1497 1105 1574 filium,
1127 1496 1293 1561 clericum

345 1596 559 1664 Willelmum
580 1597 814 1672 transmisisti,
844 1604 879 1660 et
903 1615 1060 1679 personae
1085 1604 1155 1661 tuae
1179 1599 1294 1679 sospi-

344 1703 452 1759 tatem
478 1697 715 1778 cognovimns,
741 1703 776 1759 et
800 1714 979 1759 successus
999 1714 1183 1779 prosperos
1202 1715 1292 1779 quos

345 1795 420 1873 tibi,
445 1797 616 1878 superatis
644 1796 742 1877 regni
772 1794 990 1871 adversariis
1015 1795 1211 1876 benignitas
1238 1795 1291 1859 di-

343 1896 425 1958 vina
446 1896 635 1959 concessit:
660 1895 853 1958 audivimus
875 1895 1045 1976 praeterea
1065 1896 1222 1976 optatam
1237 1894 1292 1961 vi·

344 1995 440 2057 rilem
457 1994 610 2057 sobolem
627 2013 671 2057 ex
687 1993 841 2076 ingenua
858 2001 894 2057 te
910 2001 945 2057 et
962 1993 1125 2075 religiosa
1140 1993 1290 2077 conjuge

342 2094 546 2176 suscepisse.
581 2092 684 2172 Quod
700 2092 854 2176 profecto
871 2111 950 2155 eum
966 2112 1030 2156 nos
1046 2093 1290 2172 laetificaverit,

342 2188 552 2275 oportunum
565 2193 633 2256 rati
648 2210 768 2256 sumus
788 2211 880 2255 nunc
896 2191 960 2255 tibi
974 2199 1151 2274 praecepta
1175 2199 1212 2256 et
1227 2213 1290 2258 vo·

340 2293 509 2356 luntatem
525 2292 593 2355 Dei
606 2291 755 2356 validius
770 2290 954 2367 inculeare,
966 2310 1044 2355 eum
1057 2289 1285 2373 amplioribus

340 2391 514 2454 beneficiis
530 2390 736 2472 benignitati
753 2390 829 2473 ejus
845 2397 880 2453 te
896 2389 1066 2473 prospicis
1082 2390 1285 2459 debitorem.

341 2488 419 2553 Nos
434 2509 570 2573 quoque
585 2490 713 2554 divinis
735 2489 908 2553 beneficiis
932 2489 1182 2571 benignitatem
1208 2510 1287 2555 nos·

340 2595 429 2652 tram
446 2609 551 2671 penes
564 2597 600 2653 te
616 2590 749 2653 sociare
765 2596 945 2672 optamus;
969 2588 1030 2651 sed
1054 2607 1172 2670 grave,
1184 2591 1285 2654 nobis

340 2696 406 2765 est,
428 2689 510 2771 quia
531 2689 566 2751 id
589 2707 610 2751 a
630 2689 729 2752 nobis
743 2688 870 2752 videris
888 2695 1051 2770 expetere
1067 2681 1178 2771 ²quod
1196 2708 1287 2770 prae-

340 2794 434 2851 stare
450 2807 520 2851 non
536 2806 731 2870 possumus.
781 2786 820 2850 Si
842 2788 931 2850 enim
947 2788 1202 2851 consentiamus
1224 2796 1288 2853 aut

340 2887 513 2967 patiamur
537 2887 762 2951 investituras
784 2905 805 2949 a
829 2893 891 2950 tua
914 2885 1122 2950 excellentia
1148 2887 1237 2964 fieri,
1251 2895 1287 2952 et

341 2993 497 3049 nostrum
512 2985 737 3068 proculdubio
760 2993 796 3049 et
815 2981 913 3049 turim
937 2985 1003 3049 erit
1024 2986 1173 3048 immane
1195 2987 1287 3068 peri·

341 3084 466 3148 culum.
520 3083 601 3163 Qua
614 3085 650 3147 in
670 3104 707 3148 re
730 3085 955 3167 contemplari
972 3091 1007 3147 te
1024 3084 1185 3149 volumus
1203 3087 1287 3166 quid

341 3191 403 3247 aut
418 3204 488 3247 non
502 3184 663 3247 faciendo·
677 3184 814 3266 perdas
830 3191 891 3247 aut
908 3183 1065 3247 faciendo
1079 3184 1286 3265 conquiras:

341 3301 403 3346 nos
417 3284 507 3345 enim
522 3283 558 3344 in
573 3281 803 3365 prohibitione
823 3282 888 3345 hac
906 3282 990 3345 nihil
1006 3283 1153 3364 amplius
1167 3284 1287 3349 obedi·

340 3382 453 3458 entiae,
475 3380 560 3443 nibil
582 3381 813 3457 liberalitatis,
836 3400 898 3464 per
925 3381 1088 3444 ecclesias
1117 3383 1289 3447 nancisci·

339 3500 436 3559 mur;
459 3499 521 3543 nec
535 3480 598 3544 tibi
615 3480 740 3544 debitae
757 3479 941 3563 potestatis
958 3488 1019 3544 aut
1030 3479 1120 3563 juris
1146 3482 1286 3554 subtra÷

336 3577 420 3664 [herc
444 3579 627 3660 quicquam
653 3579 805 3653 nitimur,
829 3580 896 3642 nisi
916 3585 957 3643 ut
983 3598 1067 3660 erga
1088 3585 1124 3643 te
1148 3580 1216 3643 D'ei
1233 3579 1287 3644 ira

338 3679 526 3753 minuatur,
544 3678 645 3741 etsie
664 3678 725 3740 tibi
741 3696 907 3760 prospera
922 3685 1047 3741 cuncta
1068 3679 1285 3760 contingant.

338 3775 400 3841 Ait
417 3777 508 3839 enim
522 3776 706 3853 Dominus,
721 3781 744 3811 “
755 3775 1037 3840 Honorificantes
1051 3796 1107 3839 me
1120 3776 1286 3841 bonorifi-

336 3878 446 3954 cabo;
480 3875 540 3958 qui
568 3882 685 3939 autem
714 3883 939 3939 contemnunt
969 3895 1024 3938 me
1051 3883 1153 3940 erunt
1182 3877 1283 3958 igno·

371 4149 380 4183 ¹
393 4149 533 4213 Edetania]
544 4150 591 4198 See
599 4148 718 4197 Eadmeri
725 4148 794 4200 Hist.
856 4146 971 4212 'Quod.]
990 4150 1020 4200 C.
1032 4149 1068 4201 D.
1081 4151 1129 4213 E.;
1146 4153 1215 4212 quod
1231 4169 1286 4204 om.

336 4222 477 4283 Novorum,
488 4218 624 4270 editscld.
634 4218 713 4268 Lond.
721 4223 794 4269 162³.
821 4219 889 4280 nino,
901 4217 933 4268 A.
946 4219 975 4270 S.
988 4221 1040 4270 La.
