2866 4868
186 422 255 470 mu.
272 405 322 487 v.]
409 421 523 470 casm
547 421 674 470 aaeuu
697 423 910 473 suenorum.
1073 410 1139 474 647

136 647 138 651 Α
185 587 365 712 lceperunt,
385 598 408 706 a
432 580 606 645 consortio
628 587 747 644 nostro
773 587 808 645 et
832 579 987 645 ecclesiae
1005 579 1137 646 alienos
1148 603 1297 696 magar

204 681 382 744 habemus.
1269 681 1275 694 ‘

237 780 355 864 §ela
388 778 595 846 ‘Paschalis
630 780 808 846 Anselmo.
861 779 965 860 Quod
994 778 1134 861 Anglici

186 881 279 963 regis
306 899 367 944 eor
391 880 436 945 ad
463 881 664 962 apostelicae
692 880 784 945 sedis
806 881 1038 946 obedientiam
1060 900 1133 944 om—

186 980 375 1063 nipotentis
389 980 457 1045 Dei
473 980 631 1063 dignatio
652 981 847 1059 inclinavit,
862 980 973 1044 eidem
990 981 1133 1045 misera-

187 1080 321 1144 tionum
344 1080 496 1145 Demino
520 1082 653 1163 gratias
676 1081 824 1163 agimus,
846 1081 883 1144 in
904 1080 1006 1164 cujus
1028 1101 1133 1145 manu

186 1180 292 1245 corda
308 1200 430 1262 regum
446 1188 642 1246 versantur.
687 1181 768 1245 Hoc
786 1181 948 1244 nimirum
963 1188 1034 1245 tuae
1049 1180 1132 1245 cha-

186 1279 302 1344 ritatis
330 1281 457 1363 gratia,
490 1286 697 1365 tuarumque
726 1281 922 1345 orationum
952 1281 1132 1357 instantia,

186 1377 317 1444 iactum
333 1381 517 1458 credimus,
534 1381 622 1446 utin
636 1381 702 1446 hac
718 1387 818 1465 parte
838 1380 1005 1463 populum
1020 1380 1131 1454 illum,

185 1479 243 1543 cui
267 1487 330 1545 tua
353 1479 551 1546 sollicitudo
579 1481 754 1563 praesidet,
780 1481 956 1545 miseratio
981 1500 1132 1563 superna

185 1581 384 1662 respiceret.
437 1578 542 1659 Quod
564 1589 680 1646 autem
702 1588 737 1644 et
752 1581 839 1662 regi,
863 1588 898 1644 et
914 1580 968 1644 his
987 1581 1048 1663 qui
1070 1582 1130 1644 ob-

185 1680 283 1745 noxii
298 1679 470 1757 videutur,
493 1679 580 1745 adeo
607 1680 925 1758 condescendimus,
941 1699 982 1744 eo
1007 1680 1132 1744 affectu

184 1787 222 1844 et
242 1779 481 1863 compassione
504 1780 635 1845 factum
665 1781 815 1858 noveris,
845 1787 885 1843 ut
909 1798 969 1844 eos
994 1781 1054 1862 qui
1073 1781 1131 1865 ja-

185 1879 312 1943 cebant
338 1879 470 1961 erigere
494 1880 692 1945 valeamus:
717 1887 752 1945 te
779 1887 895 1945 autem
914 1879 968 1967 (in
992 1878 1132 1945 Christo

186 1980 395 2045 venerabilis
421 1986 457 2044 et
485 1979 685 2044 charissime
711 1977 836 2066 frater)
859 1980 903 2044 ab
927 1979 990 2043 illa
1014 1980 1131 2062 prohi-

185 2079 317 2144 bitione
348 2079 423 2143 sive
459 2076 518 2167 (ut
552 2087 591 2143 tu
623 2077 752 2163 credis)
779 2080 1132 2145 excommunicatione

186 2179 412 2258 absolvimus,
429 2199 534 2262 quam
555 2180 600 2244 ab
619 2187 838 2244 antecessore
859 2187 979 2245 nostro
1000 2187 1133 2243 sanctae

187 2278 362 2343 memoriae
394 2278 538 2344 Urbano
574 2298 668 2362 papa
702 2280 869 2345 adversus
906 2278 1133 2343 investituras

186 2371 246 2442 'ac
270 2378 423 2443 hominia
445 2378 573 2444 factam
596 2379 771 2462 intelligis.
814 2379 871 2442 Tu
886 2399 970 2443 vero
992 2379 1134 2462 eosqui

186 2486 250 2543 aut
270 2479 496 2544 investituras
524 2498 699 2562 accepere,
723 2486 785 2543 aut
816 2479 1000 2543 investitos
1029 2480 1133 2543 bene-

187 2578 320 2656 dixere,
349 2585 412 2643 aut
448 2577 601 2642 hominia
638 2579 762 2657 fecere,
791 2598 870 2643 cum
902 2597 945 2642 ea
976 2578 1134 2642 satisfac-

186 2678 283 2743 tione
302 2696 408 2761 quam
440 2678 503 2742 tibi
528 2698 591 2760 per
618 2696 816 2744 communes
837 2678 974 2759 legates
996 2678 1134 2743 Willel-

188 2768 282 2842 mum
304 2797 347 2842 ac
369 2776 621 2857 Baldewiuum,
639 2779 732 2842 viros
756 2777 875 2842 fideles
900 2786 937 2841 et
951 2778 1134 2856 veridicos

187 2877 436 2961 significamus,
470 2878 621 2942 Domino
652 2886 859 2962 cooperante
886 2878 1066 2960 suscipito,
1099 2886 1135 2942 et

187 2997 247 3043 eos
263 2979 338 3044 vice
359 2985 489 3042 nostrae
516 2979 736 3043 auctoritatis
758 2977 950 3056 absolvito;
974 2996 1061 3060 quos
1078 2978 1135 3041 vel

187 3077 263 3162 ipse
288 3077 483 3156 benedicas,
510 3077 566 3144 vel
597 3097 619 3142 a
649 3078 776 3162 quibus
800 3077 950 3143 volueris
979 3077 1135 3141 benedici

188 3171 402 3261 'praecipias
425 3177 493 3241 uisi
508 3177 545 3241 in
567 3176 612 3242 iis
632 3177 726 3243 aliud
748 3176 837 3242 sorte
858 3175 1009 3259 reperias
1031 3196 1135 3259 prop·
1224 3183 1225 3186 ’

188 3284 243 3343 ter
265 3277 358 3362 quod
392 3297 415 3342 a
441 3279 589 3344 sacratis
617 3277 805 3343 honoribus
834 3278 905 3341 sint
936 3274 1134 3359 repellendi.

188 3376 227 3443 Si
252 3378 314 3462 qui
334 3397 418 3444 vero
440 3377 602 3462 deinceps
625 3386 754 3462 praeter
775 3377 1000 3443 investituras
1027 3375 1137 3440 eccle-

188 3478 319 3542 siarum
349 3478 571 3560 praelationes
604 3477 867 3560 assumpserint,
896 3474 1032 3541 etiamsi
1062 3477 1137 3559 regi

188 3577 343 3643 hominia
366 3577 523 3655 fecefint,
537 3597 758 3661 nequaquam
778 3577 822 3642 ob
841 3577 907 3641 hoc
930 3596 952 3639 a
978 3577 1137 3641 benedic-

188 3677 296 3743 tionis
308 3696 451 3741 munere
467 3685 663 3754 arceantur,
672 3677 783 3742 donec
792 3670 1057 3759 4omnipotentis
1071 3675 1139 3738 Dei

225 3941 234 3973 ¹
247 3943 394 4006 Habemus]
412 3943 459 3993 See
476 3942 526 3993 this
542 3943 616 3992 letter
626 3943 653 3991 in
712 3940 891 4006 wmarus]
902 3941 936 3992 A.
946 3943 976 3993 C.
985 3943 1020 3992 D.
1030 3941 1062 3991 Ε.
1073 3941 1139 4002 L2.;

190 4014 311 4077 Eadmar,
321 4029 348 4077 p.
360 4018 401 4076 71,
412 4018 438 4062 et
449 4027 504 4074 seq.
677 4014 814 4075 percipias,
826 4012 855 4062 S.

714 4081 911 4146 ‘omnipotentia
922 4081 972 4130 Dei
981 4076 1091 4150 gratia]
1112 4082 1142 4128 C.

225 4151 305 4218 ²ale]
328 4152 362 4204 Α.
373 4154 403 4204 C.
416 4152 451 4204 D.
465 4154 496 4204 E.
509 4153 582 4214 L2.;
600 4158 653 4215 aut,
678 4153 713 4202 D.
722 4154 770 4212 E.;
782 4152 1012 4214 peromnipotantis
1023 4152 1073 4202 Dei
1085 4166 1143 4216 gra-

191 4225 220 4275 S.
678 4224 749 4286 barn,
760 4221 793 4272 Δ.
806 4223 835 4274 S.
847 4223 903 4272 H.

950 4311 1022 4355 202
