2866 4868
334 425 400 493 642
550 440 663 489 essm
686 440 812 489 aucun
837 437 1052 487 nuenoauu.
1146 422 1304 505 [nravc

334 596 394 660 ille
418 597 609 679 suspiceret
640 595 870 679 prudentiam.
923 594 1000 660 Nec
1027 614 1111 659 vero
1142 603 1288 680 propter

334 696 555 760 rebellionem
569 696 763 779 aliquorum
778 715 959 778 procerum
972 714 1126 776 unquam
1140 715 1284 761 suorum

334 796 509 879 appetitus
533 804 586 861 est
612 795 758 872 insidiis,
778 796 846 859 nisi
868 796 994 859 semel:
1018 802 1141 859 auctor
1162 815 1283 859 aarum

333 895 401 958 fuit
423 895 563 977 quidam
586 895 828 972 cubicularius
856 894 981 978 plebeii
1007 895 1145 976 generis
1171 901 1285 976 patre,

334 993 394 1057 sed
423 1014 486 1076 pro
511 995 686 1076 regiorum
712 994 952 1059 thesaurorum
970 993 1130 1058 custodia
1157 993 1284 1059 famosi

334 1093 482 1157 nominis
498 1093 648 1171 homine,
659 1101 784 1158 natus:
805 1087 850 1158 ¹is
866 1093 1112 1176 deprehensus,
1128 1100 1164 1156 et
1181 1093 1285 1158 facile

335 1193 525 1271 confessus,
544 1211 668 1276 poenas
690 1192 845 1277 perfidiae
870 1195 996 1258 acriter
1017 1192 1095 1256 luit.
1147 1191 1285 1257 Praeter

334 1291 399 1357 hoc
424 1299 501 1357 tota
526 1294 601 1357 vita
627 1311 782 1370 securus,
808 1293 942 1356 animos
975 1293 1127 1356 omnium
1153 1292 1284 1370 timori,

336 1411 511 1455 sermones
526 1392 636 1456 amori
652 1393 838 1456 obstrictos
853 1391 1015 1456 habebat.

172 1508 263 1599 Euryp
276 1520 314 1559 rer
386 1491 489 1574 §lla
508 1491 651 1556 Statura
664 1492 823 1557 minimos
840 1490 1151 1575 supergrediens‚a
1167 1490 1284 1554 maxi-

170 1569 250 1649 lili.
334 1590 399 1654 mis
424 1590 645 1656 vincebatur:
680 1592 774 1656 crine
804 1590 905 1673 nigro
929 1599 965 1655 ot
994 1591 1103 1674 juxta
1132 1589 1282 1654 frontem

333 1682 511 1772 'profuga
533 1690 642 1755 oculis
668 1691 775 1755 dulce
797 1689 940 1768 serenis,
963 1689 1104 1755 thoroso
1129 1696 1283 1771 pectore,

334 1786 479 1854 carnoso
488 1809 640 1872 corpore.
658 1789 891 1854 'Facetiarum
901 1809 963 1871 pro
972 1797 1127 1870 temporo
1136 1788 1282 1870 plenus;

334 1909 397 1952 nec
422 1908 485 1970 pro
511 1889 602 1953 mole
627 1890 857 1971 negotiorum,
881 1909 959 1953 cum
990 1907 1028 1952 se
1051 1888 1283 1952 communioni

334 1988 497 2063 dedisset,
515 1989 627 2051 minus
639 1989 826 2071 jucundus.
851 1987 970 2052 Minus
985 1987 1154 2071 pugnacis
1166 1987 1283 2065 famae,

335 2087 505 2170 Scipionis
522 2085 680 2151 Africani
693 2088 824 2152 dictum
840 2088 1125 2169 repraesentabat,
1142 2086 1282 2170 ‘Impe-

334 2195 484 2251 ratorem
500 2206 646 2251 mamea
666 2194 790 2264 mater,
803 2207 874 2250 non
892 2187 1105 2263 bellatorem,
1122 2186 1283 2269 peperit!

335 2284 559 2369 Quapropter
575 2285 748 2368 sapientia
759 2279 864 2349 ³nulli
877 2305 1029 2368 unquam
1040 2286 1282 2349 modernorum

334 2404 456 2466 regum
479 2386 664 2463 secundae,
688 2392 724 2449 et
751 2405 839 2468 pene
866 2384 980 2449 dicam
1004 2385 1156 2449 omnium
1182 2392 1282 2448 aute-

55 1612 75 1697 l

335 2503 508 2548 cessorum
530 2486 567 2549 in
580 2482 711 2566 Anglia
724 2478 850 2548 4facile
867 2485 1010 2566 primus,
1028 2483 1193 2548 libentius
1208 2484 1282 2549 bol-

334 2582 430 2648 labat
451 2584 595 2648 consilio
617 2603 722 2666 quam
749 2584 888 2666 gladio:
921 2585 1094 2660 vincebat,
1120 2583 1151 2646 si
1181 2591 1281 2665 pote·

334 2690 402 2759 rat,
416 2684 584 2766 sanguino
601 2682 717 2762 nullo;
740 2685 770 2747 si
789 2683 890 2747 ahter
900 2704 971 2748 non
987 2689 1136 2766 poterat,
1152 2701 1279 2766 pauco.

336 2781 499 2846 Omnium
525 2790 600 2847 tota
617 2783 692 2847 vita
716 2783 855 2847 omnino
880 2777 1166 2847 ⁵obscoenitatum
1184 2783 1282 2866 cupi-

333 2881 510 2945 dinearum
536 2901 673 2965 expers,
695 2882 859 2964 quoniam
880 2882 938 2968 (ut
963 2903 986 2946 a
1009 2882 1156 2946 consciis
1182 2901 1282 2946 acce-

332 2978 463 3064 pimus)
480 3002 550 3045 non
564 2980 693 3045 effraeni
707 2980 899 3064 voluptate,
918 2982 978 3046 sed
1001 2982 1184 3063 gignendae
1198 3000 1282 3064 pro-

366 3241 374 3272 ¹
387 3245 415 3292 Ia
432 3244 612 3308 deprehensae]
635 3244 735 3306 ‘Suger
752 3258 791 3292 re·
819 3245 885 3295 Lud.
897 3246 1284 3309 Grossi3Duchesne‚1v‚8⁰8.’

330 3314 395 3364 lates
416 3314 471 3363 that
492 3313 581 3374 Henry
600 3318 656 3362 was
674 3327 702 3362 so
717 3314 791 3362 terri-
817 3313 935 3380 (Sharpe,
947 3318 1017 3379 508.)

331 3384 380 3432 fied
397 3385 459 3445 hya
478 3384 627 3444 conspiracy
643 3397 734 3444 among
750 3382 791 3431 his
850 3396 861 3430 ι
872 3399 1003 3462 Prqsugm]
1023 3401 1057 3452 Δ,
1071 3400 1101 3450 0,
1113 3400 1149 3451 p,
1160 3401 1194 3451 E,
1206 3401 1281 3463 [ὣς

330 3452 523 3514 chamberlaine,
534 3453 589 3501 that
605 3452 636 3500 he
648 3452 791 3512 frequently
814 3470 919 3530 profuso
940 3470 969 3518 s,

330 3522 446 3584 changed
463 3521 505 3571 his
527 3522 585 3584 bed,
602 3521 735 3585 increased
750 3520 791 3569 his
849 3552 899 3604 „N
897 3505 995 3617 uilium
997 3554 1073 3618 aem]
1086 3554 1115 3604 S·
1125 3556 1155 3606 c·
1163 3555 1280 3618 „1323

329 3591 791 3721 dtlhtdttltitllihtd
815 3638 955 3757 ggflppp
970 3625 1047 3686 1³1·;
1070 3625 1144 3688 nuni,
1162 3623 1213 3686 Aa
1229 3640 1280 3676 non

328 3746 390 3780 near
399 3730 452 3779 him
470 3735 497 3779 at
514 3729 603 3792 night;
620 3730 670 3778 and
683 3729 738 3779 that
748 3728 790 3779 the
934 3779 940 3790 ,

327 3815 419 3861 person
429 3800 488 3848 here
505 3800 656 3861 mentioned,
665 3798 725 3848 who
740 3799 792 3847 had
850 3773 985 3861 Ἴψῳ]
1010 3777 1045 3829 ⁴4·
1064 3779 1093 3830 S·
1113 3780 1144 3830 c·
1164 3779 1200 3830 D·
1220 3781 1280 3832 3²·

328 3871 392 3919 been
414 3869 535 3919 favoured
551 3870 602 3918 and
618 3868 748 3930 promoted
764 3869 791 3916 in
815 3848 889 3910 1¹23
906 3849 1010 3898 (ΨΜ
1020 3864 1046 3897 ¹¹¹
1057 3850 1082 3897 Ε
1090 3853 1114 3899 Ῑ·

330 3940 485 4000 anespecial
495 3953 599 3987 manner
614 3938 702 3999 hythe
719 3937 792 4000 king,
849 3930 860 3962 ³
885 3933 1075 3982 Ohacoenitotam
1095 3933 1281 3996 cupidinem

328 4023 393 4070 was,
403 4023 436 4059 on
453 4008 493 4056 his
504 4009 637 4066 detection‚
648 4007 791 4068 mercifully
814 4004 922 4067 aspera]
940 4003 1064 4064 Compare
1081 4003 1280 4066 Malmeahury’a

328 4077 459 4140 adjudged
476 4081 502 4127 to
519 4078 573 4126 lose
591 4078 651 4138 only
668 4077 708 4127 his
730 4092 790 4138 eyes
814 4074 945 4122 character
955 4072 1083 4135 offlenry
1093 4072 1120 4122 in
1129 4073 1187 4122 this
1200 4075 1280 4136 parti·

327 4148 378 4196 and
389 4147 430 4195 his
444 4146 578 4208 manhood,
588 4146 662 4196 when
679 4146 711 4194 he
723 4148 790 4208 just·
814 4144 886 4193 cular
896 4143 959 4192 with
969 4142 1025 4192 that
1040 4144 1115 4205 given
1132 4142 1162 4193 of
1172 4143 1226 4192 him
1242 4145 1278 4206 by

327 4216 355 4278 ly
375 4216 498 4266 deserved
521 4215 641 4277 hanging.
677 4215 717 4264 De
737 4217 790 4266 vit.
814 4212 1126 4277 HenryoiHuntingdon.
