2866 4868
129 442 198 492 mr.
214 428 281 510 1v.]
359 445 472 493 unsre
496 445 622 495 aneon
648 446 861 494 lnouonuu.
1014 429 1079 493 595

134 601 243 682 gavit.
285 601 441 667 Portitor
449 603 579 667 chartae
594 603 660 666 fuit
674 603 856 667 homuncio
874 604 995 686 Syme,
1007 604 1079 687 qui,
1092 627 1187 688 aaran

135 701 201 765 etsi
221 702 445 780 inveniretur,
463 703 601 767 habitus
616 704 750 768 vilitate
766 711 801 767 et
817 705 984 767 sermonis
1006 705 1081 768 noti
1092 679 1243 769 lill‘nl'f'm'

134 803 337 867 commercio
361 803 565 867 insidiantes
589 803 736 867 falleret.
789 802 872 880 Hic,
895 805 986 868 notis
1015 805 1081 868 sibi

134 920 197 983 per
224 903 326 967 devia
357 904 567 986 compendiis
595 904 802 986 perfidorum
836 905 990 987 pericula
1022 904 1081 967 de·

136 1001 281 1080 clinans,
298 1004 401 1068 tertio
423 1004 479 1067 die
500 1004 751 1087 lerosolymam
772 1005 941 1087 pervenit.
992 1004 1082 1067 Tum

91 1094 94 1099 ’
136 1103 269 1184 equites
287 1105 346 1186 qui
368 1106 487 1167 urbem
500 1106 716 1181 tutabantur,
728 1105 860 1189 junctis
876 1105 942 1167 sibi
958 1105 1083 1167 auxili-

139 1203 249 1266 arium
264 1203 418 1285 peditnm
433 1206 567 1282 turmis,
584 1205 627 1268 ad
646 1204 668 1268 J
671 1224 784 1288 oppon
800 1205 1000 1288 profecturi,
1017 1206 1083 1268 iter

138 1304 227 1366 mari
248 1305 445 1386 proximum
469 1305 683 1382 direxerunt,
706 1306 964 1369 mediterraneis
988 1305 1084 1369 devi-

138 1403 240 1466 tatis:
267 1405 414 1469 extremi
429 1399 558 1469 ¹tamen
571 1405 720 1487 agminis
734 1405 858 1469 Turcis
880 1407 1084 1487 urgentibus

138 1502 322 1581 interfecti,
348 1505 440 1587 quod
457 1505 513 1571 vel
540 1507 638 1589 equis
660 1506 718 1568 vel
738 1506 911 1588 peditibus
937 1507 1083 1569 destitu-

139 1604 297 1668 ebantur.
330 1604 408 1684 'Ita
424 1606 645 1687 congregatis
662 1625 707 1668 ex
726 1605 951 1688 lerosolymis
976 1624 1085 1669 nona·

140 1703 239 1784 ginta
265 1704 452 1787 equitibus,
482 1725 527 1769 ex
553 1705 748 1789 Tyberiade
778 1707 968 1787 octoginta,
998 1725 1085 1788 quos

141 1801 250 1886 Hugo
262 1804 336 1868 dux
350 1807 609 1870 strenuissimus
625 1806 819 1869 adduxerat
832 1807 868 1868 in
882 1805 1085 1883 subsidium,

139 1905 301 1986 armigeri
323 1925 461 1989 quoque
483 1926 546 1988 pro
571 1906 717 1989 penuria
740 1907 777 1968 in
799 1907 912 1969 locum
937 1905 1086 1969 militum

78 2001 80 2006 ’
141 2003 267 2069 allecti.
302 2005 451 2070 Postera
466 2025 549 2087 ergo
563 2005 618 2069 die
634 2025 766 2069 moram
781 2025 907 2088 pugnae
925 2006 1086 2083 absolvit,

141 2102 265 2168 'furcis
286 2105 362 2189 Jam
387 2107 474 2170 adeo
497 2105 669 2170 ferocibus
700 2112 738 2168 ut
758 2108 890 2187 paratis
920 2106 1087 2170 machinis

141 2225 276 2268 murum
292 2204 316 2268 J
318 2207 418 2289 oppis
436 2205 578 2287 aggredi
592 2201 870 2270 ²meditarentur.
923 2205 1087 2270 Praeven-

142 2311 216 2369 tum
233 2304 298 2369 hoc
316 2306 509 2370 Baldewini
525 2305 718 2388 diligentia,
735 2312 771 2369 et
788 2306 972 2369 Dominica
987 2326 1089 2371 cruce

143 2406 286 2487 praevia,
315 2426 385 2489 qua
415 2407 574 2489 superius
604 2406 738 2480 bellum,
766 2413 935 2470 caruerat.
988 2406 1089 2471 Totis

143 2498 291 2569 ³viribus
319 2507 356 2569 in
383 2507 501 2570 hostes
524 2506 687 2570 alacriter
708 2507 808 2584 itum,
831 2507 957 2570 acriter
981 2515 1090 2571 certa-

144 2612 237 2684 tum3
264 2607 379 2684 atilli,
394 2627 489 2671 more
507 2606 611 2670 solito
629 2613 765 2670 nostros
784 2608 1090 2690 circumgyrantes,

143 2712 258 2768 actum
272 2706 315 2769 de
333 2705 539 2770 Christianis
561 2713 742 2788 putarunt,
763 2706 864 2769 hilari
879 2708 1012 2771 ululatu
1032 2729 1092 2771 vo-

144 2806 349 2870 ciferantes:
366 2806 426 2869 sed
444 2806 554 2883 affuit,
570 2814 605 2870 et
622 2806 664 2868 de
677 2806 766 2869 coelo
782 2807 921 2870 tandem
937 2809 1092 2890 respexit

146 2906 317 2970 Dominus
338 2905 362 2969 J
365 2925 456 2983 esus,
481 2906 695 2989 Francisque
717 2907 971 2970 animositatem
993 2909 1091 2989 inge-

145 3025 236 3083 rens,
250 3006 407 3069 inimicos
424 3025 546 3088 campo
570 3007 725 3087 privatos
742 3006 891 3089 conjecit
906 3007 942 3069 in
960 3007 1091 3088 sugam.

146 3107 227 3170 Hoc
251 3105 345 3169 etin
370 3107 534 3169 anteriori
556 3107 677 3187 praelio
700 3107 830 3169 factum
857 3115 922 3184 est,
947 3114 998 3183 ut,
1023 3128 1092 3171 non

144 3206 250 3271 semel
265 3205 367 3289 ejecti
384 3205 555 3283 tentoriis,
571 3213 694 3293 postea
713 3205 932 3269 multitudine
949 3227 1092 3290 supera-

145 3307 236 3371 rint:
260 3313 333 3369 tum
355 3313 471 3370 autem
486 3325 564 3368 cum
578 3306 711 3387 pedites
735 3305 868 3369 eminus
883 3307 1034 3387 sagittis,
1058 3315 1094 3371 et

147 3407 281 3489 equites
300 3407 430 3469 lanceis
452 3406 608 3469 cominus
623 3405 777 3482 ferirent,
794 3407 888 3470 omni
914 3426 974 3489 spe
999 3407 1094 3490 pedi-

146 3508 210 3570 bus
225 3506 420 3582 commissa,
436 3504 556 3588 fugere
571 3524 847 3588 perseveravere.

196 3606 214 3690 ὅ
239 3605 315 3670 385.
340 3603 464 3669 Altera
495 3606 546 3669 illi
575 3624 694 3688 pugna
718 3607 965 3688 posterioribus
993 3607 1226 3669 annisumma.

144 3705 222 3783 fuit,
236 3707 273 3769 in
289 3725 359 3788 qua
374 3705 501 3768 milites
520 3706 642 3781 nostri,
658 3705 850 3769 Turcorum
868 3705 969 3787 copia
983 3708 1094 3789 pressi

146 3806 238 3871 etin
264 3806 383 3888 fugam
407 3805 489 3882 acti,
507 3806 611 3869 etiam
636 3805 788 3868 salutare
813 3806 980 3870 vexillum
1008 3807 1095 3868 ami-

184 4033 315 4107 ¹Tumen.]
340 4038 374 4087 A.
393 4039 422 4088 S.
444 4041 474 4088 C.
496 4039 530 4089 D.
550 4040 574 4086 E
583 4043 607 4089 2.

146 4110 192 4170 L.;
208 4110 312 4160 omitted
323 4109 417 4157 inEl.
669 4103 827 4174 ³Viribur.]
851 4109 879 4157 C.
897 4108 932 4156 D.
952 4107 1003 4165 E.;
1026 4109 1096 4168 regni

180 4177 191 4210 ²
202 4173 406 4247 Mediterranea]
418 4180 447 4228 S.
456 4179 491 4229 D.
503 4181 552 4240 E.;
564 4178 608 4226 de·
633 4179 739 4242 viribus,
752 4179 780 4227 S.
793 4179 842 4240 L.;
859 4179 1034 4241 regiminibus
1044 4178 1077 4227 Α.

145 4251 289 4312 liberarent,
301 4249 332 4298 L.
