2866 4868
143 404 295 485 uteru]
372 420 486 468 cusan
510 420 636 468 aucun
661 420 875 470 nucnonuu.
1026 406 1092 470 523

142 579 350 662 praesidebat
366 577 557 660 apostolico
572 577 725 655 culmini,
739 579 853 642 evasis
870 579 1019 661 Alpibus
1030 599 1091 643 ve·

145 679 196 743 nit
219 681 256 742 in
284 677 440 742 Gallias:
475 677 646 741 adventus
678 696 784 741 causa
808 678 983 743 ferebatur
1011 699 1089 762 per-

142 781 275 861 spicua,
299 778 403 860 quod,
418 777 583 841 violentia
600 776 761 841 Guiberti
778 778 893 842 Roma
914 787 1089 857 extrusus,

143 880 415 943 citramontanas
428 877 473 940 ad
493 879 548 941 sui
564 879 792 941 reverentiam
816 879 1019 943 sollicitaret
1033 899 1090 943 eo-

143 978 279 1043 clesias.
320 977 415 1041 Illud
430 977 616 1059 repositius
631 978 846 1060 propositum
862 999 931 1043 non
948 981 999 1043 ita
1012 979 1089 1044 vul-

143 1081 305 1161 gabatur,
323 1077 415 1160 quod
430 1077 625 1140 Boamundi
641 1077 784 1141 consilio
798 1098 884 1160 pene
898 1087 1009 1144 totam
1018 1080 1089 1144 Eu-

144 1200 265 1262 ropam
289 1180 326 1241 in
349 1177 542 1241 Asiaticam
561 1177 815 1258 expeditionem
838 1187 1013 1259 moveret;
1037 1188 1088 1257 ut,

144 1281 180 1343 in
212 1286 312 1344 tanto
343 1278 494 1342 tumultu
521 1278 673 1341 omnium
703 1279 958 1359 provinciarum
988 1281 1089 1344 facile

144 1380 306 1443 obaeratis
335 1377 576 1455 auxiliaribus,
605 1385 641 1441 et
666 1377 829 1441 Urbanus
863 1379 1023 1458 Romam,
1054 1388 1089 1445 et

145 1478 369 1543 Boamundus
394 1477 573 1561 Illyricum
595 1484 631 1540 et
646 1478 899 1556 Macedoniam,
922 1480 1089 1561 pervade·

145 1586 242 1644 rent:
267 1598 346 1642 narn
361 1596 420 1641 eas
435 1584 558 1654 terras,
574 1584 610 1640 et
625 1578 788 1660 quicquid
805 1587 973 1659 praeterea
988 1599 1009 1643 a
1025 1581 1089 1643 Di·

109 1758 119 1772 ·
145 1679 262 1743 rachio
277 1679 439 1760 usquein
456 1676 715 1741 Tessalonicam
737 1680 964 1759 protenditur,
983 1679 1089 1744 Guis·

145 1779 270 1844 cardus
296 1785 395 1860 pater
419 1796 525 1858 super
541 1776 706 1840 Alexium
726 1779 945 1860 acquisierat,
966 1780 1091 1845 iccirco

145 1879 224 1944 illas
240 1878 464 1944 Boamundus
474 1876 548 1960 juri
562 1897 625 1941 suo
650 1886 844 1958 competere
866 1878 1089 1961 clamitabat3

147 1981 247 2062 inops
266 1978 478 2041 haereditatis
493 1976 656 2059 Appulae,
672 1997 776 2060 quam
800 1979 936 2059 genitor
949 1979 1090 2061 Rogero

147 2073 280 2144 ¹comiti
295 2078 367 2142 filio
381 2077 615 2159 delegaverat.
664 2077 915 2154 Veruntamen,
930 2098 1092 2161 quaecun-

148 2200 215 2262 que
242 2178 443 2244 transeundi
468 2177 572 2240 t'uerit
599 2178 748 2253 occasio,
778 2197 904 2258 magno
935 2187 971 2243 ct
992 2178 1091 2242 illus-

147 2281 192 2343 tri
222 2279 392 2343 adventus
423 2277 498 2361 ejus
528 2276 594 2340 suit
616 2277 847 2340 emolumento
871 2277 1090 2342 Christianis.

147 2378 316 2443 Coactum
340 2396 423 2458 ergo
449 2384 504 2440 est
529 2377 621 2459 apud
637 2376 777 2440 Clarum
797 2377 953 2441 Montem
977 2380 1092 2442 conci-

147 2480 241 2555 lium,
259 2497 338 2561 quae
355 2477 547 2541 clarissima
561 2485 615 2541 est
632 2477 714 2539 urbs
729 2476 986 2557 Arvernorum;
1010 2472 1092 2542 ²nu·

148 2598 262 2643 merus
286 2578 526 2659 episcoporum
552 2583 587 2640 et
608 2579 770 2639 abbatum
796 2579 940 2641 trecenti
955 2578 1092 2657 decem;

149 2679 208 2742 ubi
239 2678 373 2759 aliquot
399 2677 519 2739 diebus
550 2677 661 2758 primo
684 2676 727 2739 de
758 2676 929 2740 catholica
954 2676 1033 2755 fide,
1058 2686 1093 2741 et

148 2772 257 2842 ³inter
272 2797 310 2842 se
326 2775 567 2840 dissidentium
583 2796 681 2858 pace,
696 2782 867 2839 tractatus
882 2776 1017 2859 prolixe
1032 2777 1093 2840 ba-

148 2879 253 2942 bitus.
306 2876 399 2941 Nam
430 2883 557 2958 praeter
586 2875 721 2957 flagitia
750 2877 875 2958 quibus
902 2877 1031 2958 singuli
1053 2877 1094 2939 li-

149 2985 267 3042 center
298 2977 521 3053 incubabant,
553 2976 598 3039 ad
629 2976 704 3039 haec
734 2976 943 3040 calamitatis
976 2996 1095 3039 omnes

150 3077 318 3159 Cisalpini
332 3076 553 3152 devenerant,
569 3083 609 3139 ut
624 3075 727 3138 nullis
743 3076 799 3139 vel
816 3077 965 3140 minimis
981 3077 1096 3140 causis

149 3177 349 3243 extantibus
367 3176 513 3259 quisque
528 3175 635 3238 alium
650 3183 800 3256 caperet,
809 3196 872 3239 nec
888 3176 955 3239 nisi
970 3196 1097 3257 magno

149 3277 364 3359 redemptum
390 3275 484 3339 abire
511 3276 648 3337 sineret.
702 3273 879 3339 Praeterea
900 3275 1097 3358 symonicus

150 3377 274 3459 anguis
293 3376 344 3439 ita
368 3375 536 3439 lubricum
552 3381 658 3456 caput
673 3382 844 3451 erexerat,
861 3376 912 3438 ita
928 3361 1105 3439 venenato

149 3477 238 3542 foetu
252 3475 418 3539 mortiferi
432 3475 596 3561 germinis
611 3493 679 3537 ova
696 3484 937 3556 vaporaverat,
948 3484 988 3538 ut
1003 3481 1099 3538 totus

151 3577 243 3641 orbis
261 3575 381 3640 lethali
396 3575 497 3638 sibilo
521 3573 669 3637 insectus
683 3575 936 3638 ecclesiasticos
952 3574 1098 3638 bonores

149 3683 396 3758 corrumperet.
447 3674 538 3738 Tum
555 3673 645 3736 enim
660 3693 729 3737 non
746 3673 858 3738 dicam
878 3675 1031 3756 episcopi
1052 3674 1097 3737 ad

187 3933 195 3962 ¹
210 3933 323 3996 Camila]
337 3934 367 3983 C.
388 3933 422 3983 b.
441 3933 493 3993 E.;
517 3933 616 3994 minori,

151 4005 184 4057 A.
197 4005 226 4055 S.
237 4005 269 4055 L.
675 4000 685 4030 ³
696 4004 767 4052 later
777 4019 802 4053 se
813 4005 1006 4068 dissidentium]
1025 4005 1054 4053 S.
1067 4005 1103 4054 D.

187 4072 333 4124 ²Numerur
344 4073 526 4137 cpiscoporum]
539 4073 568 4122 S.
580 4072 615 4122 D.
641 4074 691 4133 E.;
708 4089 794 4122 eorum
811 4077 856 4136 qui
873 4076 938 4126 inter
952 4091 979 4126 se
997 4075 1105 4124 disside-

153 4147 201 4207 E.;
217 4156 338 4194 numerus
348 4144 398 4193 fuit
408 4149 616 4206 congregatorum
641 4145 710 4204 baut,
722 4145 752 4193 L.

152 4217 339 4278 episcoporum,
354 4215 382 4262 L.
