2866 4868
139 424 206 472 um.
225 407 288 488 ru]
369 422 483 470 ousrn
508 381 633 471 aucun
659 422 869 471 uuonoauu.
1023 410 1088 473 513

138 591 277 648 sanctos
303 590 432 665 patreS,
454 601 620 665 sequaces
643 582 775 646 scilicet
800 582 877 659 Dei,
902 585 1086 667 quicquam
1100 589 1248 679 gssfflssffuffl

138 692 265 767 praeter
289 683 458 767 rationem
487 683 632 759 edicere,
660 683 760 765 quasi
788 683 854 746 soli
886 687 1087 750 auctoritati
1100 691 1166 729 ⁰¹⁰³·

138 784 239 849 fidem
254 783 440 847 debeamus
456 781 643 846 adhibere?
697 781 823 865 Itaque
840 782 990 862 illorum,
1007 806 1087 868 quae

139 884 340 967 procuditis,
355 890 415 946 aut
428 883 596 947 rationem
612 889 674 945 aut
693 884 935 947 auctoritatem
954 885 1085 950 afferte.

140 983 310 1062 Quamvis
334 1003 405 1046 non
429 982 574 1046 multum
598 982 723 1045 debeat
745 982 850 1059 credi,
872 983 902 1047 si
918 985 1000 1067 quid
1023 987 1086 1050 bu-

140 1103 251 1147 manae
265 1082 409 1147 rationis
424 1083 535 1164 possit
551 1081 708 1162 allegari,
726 1083 818 1164 quod
833 1085 1086 1166 aequipollenti-

77 1200 79 1206 ·
139 1186 205 1248 bus
221 1183 435 1265 argumentis
448 1182 566 1246 valeat
580 1183 750 1246 enervari.
804 1181 1028 1267 Quapropter
1042 1207 1086 1250 ex

141 1283 263 1366 regula
284 1302 363 1367 quae
392 1283 526 1346 ratione
555 1289 590 1345 et
613 1282 820 1346 auctoritate
847 1284 943 1361 nixa,
965 1293 1087 1368 utpote

141 1385 292 1449 omnium
316 1383 492 1467 justorum
519 1382 643 1463 spiritu
668 1381 801 1446 dictata
828 1390 892 1456 est,
921 1384 1002 1448 date
1025 1406 1086 1449 ex-

141 1485 274 1567 empla3
298 1483 390 1567 quod
411 1483 528 1546 sinon
548 1482 706 1564 potestis,
725 1481 855 1544 frustra
879 1485 1087 1564 profitemini

139 1584 234 1648 illius
248 1585 515 1666 praerogativam
537 1582 636 1666 cujus
653 1581 872 1645 contemnitis
895 1586 994 1666 sequi
1008 1586 1088 1650 doc·
1117 1657 1120 1660 Α

141 1684 293 1748 trinam!

193 1783 313 1867 §335.
337 1779 551 1863 Hujusmodi
581 1781 764 1858 sententia,
791 1781 835 1844 ab
860 1801 942 1859 uno,
970 1789 1010 1845 ut
1037 1783 1087 1860 fit,

141 1901 283 1966 serpens
307 1883 344 1946 in
372 1881 472 1957 alios,
498 1881 620 1944 merito
644 1881 754 1944 movit
774 1881 879 1944 corda
907 1882 1020 1945 Deum
1044 1883 1087 1946 ti-

141 1983 308 2047 mentium
331 2001 374 2045 ne
399 1980 488 2044 forte
509 1982 546 2044 in
568 1999 716 2044 vacuum
741 1990 918 2044 currerent
943 1989 1005 2045 aut
1028 2002 1087 2045 cu·

134 2084 341 2147 currissent.
395 2080 647 2162 Frequentibus
675 2100 760 2161 ergo
787 2081 948 2162 capitulis
970 2080 1089 2164 dispu-

143 2183 231 2247 tatio
255 2182 390 2264 agitata
415 2180 507 2244 bunc
531 2179 634 2243 finem
660 2179 792 2256 habuit,
816 2188 856 2244 ut
880 2181 955 2262 ipse
981 2182 1089 2247 abbas

143 2284 350 2346 sententiam
375 2281 548 2362 probaret,
574 2279 864 2362 supersedendum
892 2282 1087 2364 superfluis,

142 2382 252 2445 solam
279 2378 465 2444 medullam
490 2379 620 2461 regulae
634 2380 887 2462 vestigandam.
939 2381 998 2445 Ita
1019 2383 1088 2448 duo

143 2481 267 2546 fratres
289 2481 401 2557 electi,
430 2481 467 2543 in
494 2481 620 2562 quibus
642 2479 788 2544 scientia
811 2481 987 2544 literarum
1011 2502 1089 2547 cum

143 2581 308 2663 religione
330 2580 528 2664 quadraret,
551 2580 623 2663 qui,
638 2579 770 2644 vicaria
795 2579 990 2657 collatione,
1007 2600 1089 2645 auc-

144 2682 228 2745 toris
252 2680 381 2763 regulae
403 2680 619 2744 voluntatem
640 2679 864 2761 inquirerent,
888 2681 1089 2762 inquisitam

143 2781 221 2846 aliis
243 2787 486 2862 proponerent.
537 2777 658 2843 Abbas
680 2779 800 2843 sedulo
823 2799 925 2861 agere
940 2788 979 2844 ut
994 2789 1089 2846 totus

143 2888 333 2946 conventus
356 2880 602 2944 assentiretur:
627 2878 687 2944 sed
709 2880 793 2959 quia
809 2878 980 2974 difficilep
994 2900 1089 2944 men-

142 2982 235 3047 tibus
257 2981 434 3044 bominum
459 2979 621 3043 avellitur
640 2978 733 3062 quod
758 2999 803 3041 ex
828 2980 972 3063 antiquo
997 2983 1089 3045 inse·

142 3082 242 3158 derit,
260 3080 342 3163 quia
356 3079 456 3143 inviti
468 3085 627 3160 expuunt
637 3079 730 3160 quod
746 3079 857 3160 prima
870 3079 982 3143 saliva
996 3069 1090 3145 com·

142 3181 303 3258 biberint,
326 3199 413 3263 pene
441 3198 560 3242 omnes
586 3173 779 3259 lsuscipere
809 3187 1013 3244 recusarunt
1034 3201 1089 3244 res

143 3281 362 3365 novaS,q11ia
378 3280 539 3361 antiquas
555 3271 775 3358 ²diligebant.
820 3277 893 3341 Soli
915 3278 1031 3343 decem
1055 3289 1090 3345 et

144 3389 236 3458 octo,
268 3380 456 3462 inquibus
489 3377 705 3458 Hardingus,
728 3378 788 3459 qui
819 3385 854 3441 et
881 3377 1089 3460 Stephanus,

134 3488 267 3546 sancta
288 3479 519 3544 obstinatione
541 3478 750 3561 pervicaces
778 3497 855 3541 cum
880 3479 1003 3543 abbate
1026 3500 1089 3545 suo

142 3580 337 3646 coenobium
354 3579 615 3661 derelinquunt3
643 3579 910 3661 pronunciantes
925 3598 994 3642 non
1009 3600 1088 3662 pos-

141 3701 180 3746 se
194 3680 324 3763 regulae
339 3680 526 3762 puritatem
541 3678 707 3742 custodiri
718 3679 753 3741 in
764 3679 842 3742 loco
857 3678 916 3741 ubi
933 3686 968 3742 et
985 3699 1088 3762 opum

139 3781 318 3864 congeries
328 3787 363 3844 et
374 3779 527 3843 ciborum
542 3777 726 3859 indigeries
742 3779 845 3842 etiam
862 3778 1087 3845 reluctantem

142 3883 294 3946 animum
320 3880 517 3944 offocarent.
571 3878 685 3960 Igitur
703 3877 864 3941 Cistellas
877 3899 1014 3954 venere,
1037 3881 1088 3945 lo·

177 4162 185 4192 ¹
198 4157 350 4230 Suscipere]
369 4161 402 4212 Δ.
415 4163 450 4212 D.
461 4164 492 4212 E.
504 4164 535 4213 L.
547 4180 553 4224 ;
565 4167 616 4289 re.
666 4159 855 4232 'Diligebantq
875 4165 903 4223 S.
915 4166 963 4225 L.;
989 4167 1092 4215 omitted

143 4236 236 4298 cipere,
248 4233 277 4283 S.
291 4235 321 4283 C.
630 4233 700 4284 inA.
715 4234 744 4282 G.
755 4234 789 4284 D.
805 4235 834 4283 E.
