2866 4868
300 425 367 490 650
517 435 632 486 cusrn
657 433 785 482 nucuu
812 431 1025 483 suononuu.
1117 415 1206 498 [orn.
1221 429 1256 478 ν.
1302 457 1309 468 .

304 614 368 658 neo
385 593 452 658 nisi
468 592 632 676 legitimis
649 592 827 676 productis
852 591 1011 669 testibus,
1029 590 1090 673 qui
1106 609 1183 655 eam
1196 591 1257 676 ju-

305 700 424 758 rarent
446 694 522 758 sinc
546 693 761 776 professione
794 711 901 756 causa
935 711 1117 776 procorum
1139 691 1257 756 velum

307 794 467 877 gessisse,
482 792 761 877 archiepiscopus
776 791 901 856 adduci
917 793 1033 876 potuit
1049 791 1094 855 ad
1111 810 1259 855 consen-

307 894 473 959 tiendum.
526 892 616 958 Haec
647 893 756 976 igitur
775 893 910 957 duobus
935 892 1117 975 partubus,
1146 891 1258 956 altero

308 994 452 1058 alterius
478 1012 597 1072 sexus,
614 999 791 1070 contenta,
813 993 849 1056 in
871 999 1050 1075 posterum
1073 998 1108 1056 et
1133 1011 1259 1074 parere

308 1100 344 1158 et
371 1093 544 1177 parturire
577 1093 731 1158 destitit:
773 1092 1080 1175 aequanimiterque
1110 1091 1258 1170 ferebat,

308 1213 390 1276 rege
417 1192 505 1257 alias
528 1193 675 1270 intento,
700 1193 778 1275 ipsa
801 1192 906 1256 curiae
919 1191 1124 1270 valedicere,
1138 1190 1260 1256 west.

309 1293 520 1357 monasterio
552 1292 671 1357 multis
704 1292 805 1357 annis
831 1298 978 1356 morata.
1030 1290 1107 1356 Neo
1138 1298 1259 1357 tamen

310 1393 495 1476 quicquam
520 1393 552 1457 ei
578 1392 706 1474 regalis
733 1392 1002 1474 magnificentiae
1027 1391 1167 1472 decrat3
1195 1391 1259 1456 sed

310 1493 484 1558 indefessa
499 1492 706 1575 frequentia,
728 1492 831 1557 undae
856 1491 1096 1568 salutantium,
1122 1499 1157 1557 ct
1174 1492 1261 1557 totis

311 1593 569 1676 apportantium
583 1593 806 1676 temporibus
823 1592 1080 1675 accipiebantur
1096 1598 1261 1657 ctvome-

310 1694 439 1758 bantur
450 1693 608 1776 superbis
620 1692 772 1758 aedibus:
790 1692 856 1756 hoc
871 1693 963 1775 regis
973 1691 1122 1777 jubebat
1134 1691 1262 1757 libera-

311 1793 405 1871 litas,
422 1793 487 1858 hoc
509 1793 620 1876 ipsius
644 1792 760 1876 gratia
785 1799 822 1857 ct
843 1791 953 1856 dulcis
975 1791 1174 1856 attrahebat
1198 1793 1259 1856 be·

312 1893 478 1976 nignitas
523 1891 773 1957 sanctitudinis
795 1893 957 1974 egregiae,
972 1911 1043 1957 non
1064 1909 1262 1974 usquequa

312 2013 380 2075 quc
397 1992 617 2076 despicabilis
635 1992 767 2070 formae,
781 1998 947 2057 maternae
964 1992 1105 2075 pietatis
1121 1991 1260 2070 aemula,

312 2091 398 2156 nihil
422 2093 600 2156 sinistrum
628 2099 798 2175 quantum
824 2092 869 2155 ad
895 2093 1108 2157 semoribus
1134 2091 1261 2156 admit-

313 2198 409 2272 tens3
427 2199 556 2275 praetar
568 2193 702 2274 regium
718 2192 831 2256 cubile
842 2192 984 2275 pudoris
996 2192 1146 2274 integra,
1164 2191 1263 2256 nulla

313 2292 418 2356 ctiam
442 2292 638 2375 suspicione
663 2292 761 2357 laesa.
803 2290 927 2357 cilicio
952 2292 1017 2355 sub
1040 2293 1137 2374 regio
1162 2291 1260 2356 cultu

313 2390 512 2469 convoluta,
536 2391 681 2476 nudipes
709 2392 830 2456 diebus
856 2389 1142 2474 Quadragesimae
1171 2398 1263 2456 tere·

313 2491 376 2554 bat
395 2491 619 2555 ecclesiarum
643 2491 783 2557 limina:
807 2510 871 2556 nec
896 2491 1059 2556 horrebat
1082 2490 1188 2574 pedes
1209 2491 1262 2555 la

314 2609 398 2654 vare
421 2589 666 2669 morbidorum,
682 2591 800 2657 ulcera
828 2591 925 2656 sanie
946 2591 1153 2656 distillantia
1177 2611 1261 2655 con·

314 2696 486 2771 trectarc3
508 2698 683 2773 postremo
707 2691 815 2774 longa
835 2691 994 2755 manibus
1010 2691 1130 2756 oscula
1146 2698 1263 2774 prote-

313 2789 400 2867 lare,
429 2809 584 2853 mensam
614 2810 800 2874 apponere.
852 2790 939 2855 Erat
966 2791 999 2854 ei
1022 2792 1059 2856 in
1088 2790 1262 2855 audiendo

314 2889 457 2954 servitio
472 2889 541 2953 Dei
557 2890 720 2973 voluptas
737 2891 852 2969 unica,
869 2884 1032 2973 ¹ideoque
1056 2891 1092 2954 in
1117 2891 1263 2956 clericos

313 2988 402 3052 benc
437 2978 590 3053 melodos
624 2989 876 3055 inconsiderate
915 2983 1098 3074 ²provida3
1135 2990 1264 3056 blande

315 3108 540 3171 quoscunque
553 3089 696 3172 alloqui,
707 3091 818 3154 multa
831 3090 964 3172 largiri,
975 3089 1076 3173 plura
1092 3090 1262 3174 polliceri.

316 3186 415 3265 Inde,
428 3188 637 3253 liberalitate
647 3189 758 3272 ipsius
775 3209 838 3272 per
848 3191 964 3254 orbem
981 3197 1072 3268 sata,
1082 3191 1262 3255 turmatim

315 3285 383 3350 huc
413 3287 651 3354 adventabant
677 3288 876 3355 scholastici
902 3297 977 3354 tum
1000 3291 1161 3356 cantibus
1186 3297 1263 3355 tum

314 3387 634 3468 versibussam0s13
657 3389 860 3472 felicemque
879 3409 917 3454 se
940 3391 1088 3473 putabat
1102 3391 1162 3473 qui
1183 3409 1262 3454 ear-

314 3486 417 3551 minis
440 3488 595 3554 novitate
611 3506 712 3552 aures
732 3489 899 3554 mulceret
913 3489 1074 3555 dominae.
1126 3488 1204 3554 Neo
1225 3489 1263 3553 in

314 3584 369 3649 his
392 3587 504 3650 solum
530 3607 703 3671 expensas
729 3589 941 3668 conferebat,
958 3589 1018 3653 sed
1041 3590 1146 3655 ctiam
1168 3591 1264 3654 omni

314 3687 432 3766 generi
447 3686 636 3766 hominum,
648 3689 840 3771 praesertim
853 3689 1086 3770 advenarum3
1102 3690 1176 3774 qui,
1186 3710 1264 3754 mu-

314 3785 454 3850 neribus
480 3788 645 3870 acceptis,
674 3788 801 3853 famam
828 3789 903 3873 ejus
932 3790 1037 3872 longe
1061 3811 1124 3874 per
1151 3797 1264 3855 terras

314 3885 545 3953 venditarent.
597 3888 662 3954 Est
683 3889 774 3952 enim
794 3888 967 3972 cupiditas
990 3890 1111 3972 gloriae
1136 3892 1188 3955 ita
1209 3892 1264 3956 in-

349 4159 357 4192 ¹
370 4163 499 4230 Ideoque]
516 4166 550 4218 A.
568 4169 596 4220 S.
618 4172 646 4221 G.
663 4171 698 4222 D.
716 4173 772 4222 132.
834 4169 987 4244 θΡνουιίὶιι]
1001 4176 1030 4227 C.
1040 4175 1076 4226 D,
1086 4177 1117 4227 Ε.
1126 4191 1135 4240 ;
1146 4178 1265 4242 prodiga,

313 4233 388 4294 L2.;
405 4235 471 4296 ideo,
484 4238 540 4287 El.
798 4241 832 4292 Δ.
845 4243 873 4293 S.
886 4246 940 4295 La.
