2866 4868
181 600 267 639 contest
276 598 300 638 ol

182 650 243 698 Emp.
253 649 310 688 Heu.

341 401 407 465 660
552 415 666 464 unsri
689 416 816 464 nueuu
841 414 1053 464 suenorum.
1154 399 1240 480 [ma
1258 414 1292 461 ν.

343 573 575 652 concedimus,
598 580 633 637 et
658 574 839 656 praesentis
861 571 1034 655 privilegii
1055 571 1186 654 pagina
1210 589 1293 635 con-

182 698 208 738 v.
217 699 317 748 vitiare
343 672 532 752 firmamus
555 681 595 738 ut
620 674 718 755 regni
743 674 794 738 tui
825 672 996 756 episcopis
1017 671 1074 736 vel
1096 670 1293 747 abbatibus,

183 749 246 798 Popal
255 760 299 789 see.

341 773 460 850 libere,
485 781 613 856 praeter
629 773 829 837 violentiam
857 774 913 837 vel
941 771 1135 855 symoniam
1156 770 1291 847 electis,

343 873 584 938 investituram
603 873 711 955 virgae
734 880 770 938 et
791 872 910 936 annuli
932 872 1110 951 conferas3
1137 877 1220 953 post
1241 870 1294 933 in-

343 974 535 1038 vestionem
549 992 632 1038 voro
654 970 818 1037 canonice
844 972 1139 1037 consecrationem
1161 970 1292 1053 accipi-

344 1079 405 1136 ant
430 1074 475 1136 ab
499 1073 662 1155 episcopo
687 1073 730 1137 ad
756 1092 858 1156 quem
883 1072 1100 1155 pertinuerit.
1151 1069 1190 1134 Si
1212 1069 1292 1152 quis

344 1179 459 1236 autem
475 1192 497 1237 a
510 1172 601 1236 clero
619 1173 672 1236 vel
686 1173 827 1255 populo,
845 1177 972 1255 praeter
986 1189 1165 1235 assensum
1179 1177 1292 1246 tuum,

344 1272 474 1336 electus
500 1271 615 1348 fuerit,
654 1270 722 1336 nisi
744 1291 767 1337 a
792 1280 828 1336 te
862 1271 1079 1348 investiatur,
1106 1289 1127 1334 a
1154 1269 1292 1333 nemine

345 1380 584 1452 consecretur3
608 1373 763 1455 exceptis
777 1372 939 1435 nimirum
955 1371 1025 1435 illis
1040 1371 1099 1454 qui
1113 1370 1170 1434 vel
1184 1370 1221 1433 in
1236 1389 1292 1433 ar·

345 1471 700 1555 chiepiscoporumvel
710 1473 746 1535 in
756 1470 906 1537 Romani
914 1471 1088 1554 pontificis
1097 1470 1210 1535 solent
1220 1469 1293 1534 dis-

344 1572 515 1654 positione
531 1573 731 1636 consistere.
771 1572 863 1637 Sane
881 1570 1130 1654 archiepiscopi
1144 1570 1201 1635 vel
1218 1569 1290 1653 epi-

345 1672 441 1754 scopi
457 1672 652 1736 libertatem
667 1671 819 1736 habeant
832 1691 854 1735 a
868 1679 903 1736 te
916 1671 1099 1736 investitos
1109 1670 1293 1753 episcopos

345 1771 402 1835 vel
418 1772 560 1835 abbates
575 1772 739 1836 canonice
752 1771 997 1836 consecrandi:
1020 1769 1293 1853 praedecessores

345 1872 436 1934 enim
462 1872 569 1936 vestri
594 1872 757 1936 ecclesias
782 1872 880 1954 regni
904 1871 959 1934 sui
984 1871 1092 1935 tantis
1121 1870 1292 1952 regalium

346 1989 486 2034 suorum
506 1971 680 2036 beneficiis
703 1971 925 2054 ampliarunt,
944 1978 984 2035 ut
1007 1990 1152 2053 regnum
1176 1969 1291 2053 ipsum

348 2064 514 2134 ¹maxime
552 2072 791 2154 episcoporum
828 2071 885 2136 vel
920 2071 1084 2136 ahbatum
1120 2069 1293 2153 praesidiis

346 2178 506 2252 oporteat
529 2173 743 2249 communiri,
773 2179 809 2235 et
838 2171 1023 2254 populares
1048 2169 1293 2247 dissensiones,

346 2290 424 2353 quae
452 2271 488 2334 in
512 2269 630 2334 electis
647 2272 806 2335 omnihus
828 2290 921 2354 saepe
943 2271 1162 2353 contingunt,
1182 2269 1294 2351 regali

345 2377 504 2452 oporteat
519 2370 704 2454 majestate
723 2373 907 2454 compesci.
959 2369 1192 2450 Quamobrem
1208 2389 1291 2452 pru-

344 2468 472 2533 dentiae
494 2477 563 2534 tuae
580 2477 616 2534 et
632 2472 798 2553 potestati
814 2491 899 2534 cura
914 2470 1016 2535 debet
1030 2469 1212 2534 sollicitius
1227 2470 1292 2533 im-

345 2570 487 2646 minere,
512 2578 552 2634 ut
569 2569 740 2634 Romanae
764 2571 918 2635 ecclesiae
941 2569 1156 2652 magnitudo,
1172 2575 1208 2633 et
1224 2589 1293 2633 cae·

345 2675 497 2732 terarum
512 2669 619 2747 salus,
636 2671 718 2749 tuis,
734 2670 885 2735 Domino
901 2677 1102 2754 praestante,
1115 2669 1293 2734 beneficiis

345 2775 380 2832 et
406 2769 558 2833 servitiis
580 2776 813 2834 conservetur.
879 2769 917 2834 Si
939 2789 1010 2853 qua
1025 2763 1127 2851 ²ergo
1151 2769 1293 2834 ecclesi·

345 2868 455 2932 astica
471 2868 528 2933 vel
543 2870 709 2934 secularis
725 2889 884 2952 persona,
903 2869 993 2934 hanc
1007 2877 1135 2933 nostrae
1150 2889 1294 2934 conoes-

344 2967 450 3032 sionis
464 2968 628 3051 paginam
644 2971 767 3047 sciens,
778 2977 899 3035 contra
915 2990 992 3035 eam
1006 2969 1188 3034 temerario
1203 2989 1293 3033 ausu

344 3068 461 3132 venire
478 3070 677 3147 tentaverit,
695 3068 925 3134 anathematis
940 3069 1091 3147 vinculo,
1115 3068 1183 3132 nisi
1207 3069 1293 3134 resi·

344 3154 469 3250 puerit,
492 3168 689 3245 innodetur,
717 3169 926 3253 honorisque
950 3189 992 3234 ac
1013 3167 1195 3251 dignitatis
1219 3180 1310 3233 suae'

343 3268 534 3350 periculum
546 3269 719 3351 patiatur;
735 3269 959 3334 observantes
976 3276 1092 3334 autem
1102 3267 1178 3332 haec
1191 3270 1296 3334 mise-

344 3368 492 3432 ricordia
517 3368 635 3433 divina
659 3369 846 3448 custodiat,
871 3377 907 3434 et
931 3388 1114 3452 personam
1138 3375 1295 3452 potesta-

345 3474 483 3550 temque
500 3475 597 3532 tuam
621 3468 665 3532 ad
688 3468 853 3534 honorem
875 3489 976 3534 suum
996 3477 1031 3533 et
1053 3468 1200 3551 gloriam
1218 3469 1296 3533 seli-

344 3567 430 3631 citer
442 3568 611 3652 imperare
626 3568 816 3633 concedat!

397 3667 515 3750 5425.
545 3666 695 3732 Peracto
720 3669 839 3751 itaque
867 3674 942 3732 toto
973 3667 1083 3750 ipsius
1111 3686 1295 3733 consecra·

344 3765 448 3830 tionis
460 3765 582 3845 officio,
597 3768 808 3850 apostolicus
831 3775 867 3832 et
889 3768 1089 3850 imperator,
1103 3766 1295 3850 complexis

343 3865 490 3930 invicem
518 3867 664 3946 dextris,
686 3869 824 3933 iverunt
847 3888 925 3932 cum
947 3867 1075 3932 celebri
1097 3886 1227 3950 pompa
1248 3867 1294 3931 ad

378 4144 386 4176 ¹
399 4147 533 4211 Mariam]
549 4147 583 4199 Δ.
603 4149 632 4199 S.
651 4151 681 4202 C.
698 4151 733 4202 D.
745 4144 803 4202 13⁴2.
866 4147 977 4214 ’Ergo.]
990 4152 1014 4199 Ε
1023 4155 1063 4214 1.;
1074 4151 1162 4215 igitur,
1172 4149 1205 4202 A.
1219 4153 1249 4204 S.
1263 4154 1294 4204 G.

343 4217 413 4281 ta,
430 4219 640 4281 amarat-21.
829 4220 864 4272 o.
878 4220 999 4271 usur.
