2866 4868
330 401 396 466 474
547 413 661 462 casua
684 413 810 461 aucun
836 411 1047 460 sucnonuu.
1123 394 1208 475 [nra.
1228 408 1288 456 ιιι.

374 635 472 694 QUOD
497 634 740 682 EBORAGENSIS
763 632 1085 694 ARCHIEPISGOPUS,
1105 633 1149 679 ET
1165 632 1288 680 OMNES

435 735 504 782 SIBI
533 735 715 796 sublacus,
737 734 1021 783 Aucnlarlscoro
1044 733 1289 780 DOROBERNIAE

435 835 713 883 SUBJIGIANTUR.

388 942 537 1009 Generole
552 941 713 1006 concilium
731 943 822 1028 regni
839 940 1013 1028 Anglorcm
1029 940 1152 1024 dejure
1172 949 1199 1001 et
1213 942 1289 1022 pri-

436 1055 519 1106 matu
534 1041 780 1107 Dorobernensis
796 1043 860 1104 sive
878 1040 1114 1106 Contentionis
1131 1038 1270 1105 ecclesia.

177 1196 232 1236 an.
243 1193 298 1234 1072.
390 1168 509 1253 §298.
534 1168 659 1233 ‘Anno
682 1171 726 1232 ab
751 1168 989 1237 incarnatione
1014 1167 1156 1232 Domini
1179 1165 1291 1229 nostri

338 1269 361 1333 J
365 1289 426 1334 esu
456 1268 587 1333 Christi
616 1269 798 1333 millesimo
836 1268 1091 1350 septuagesimo
1124 1267 1290 1344 secundo,

338 1369 560 1452 pontificatus
586 1377 701 1432 autem
727 1368 858 1432 domini
881 1366 1074 1432 Alexandri
1099 1385 1199 1449 papae
1223 1387 1289 1429 un·

340 1470 483 1547 decimo,
500 1471 599 1551 regni
613 1489 695 1534 vero
709 1468 878 1534 Willelmi
891 1468 1033 1549 gloriosi
1045 1467 1138 1549 regis
1153 1464 1290 1548 Anglo·

341 1590 418 1633 rum
438 1577 473 1633 et
497 1570 594 1633 ducis
616 1568 896 1633 Normaunorum
919 1575 1033 1644 sexto,
1050 1587 1095 1631 ex
1115 1574 1291 1650 praecepto

342 1670 495 1753 ejusdem
510 1668 704 1733 Alexandri
725 1688 838 1751 papae,
856 1674 1029 1731 annuente
1052 1666 1172 1731 eodem
1194 1687 1290 1748 rege,

342 1771 580 1852 inpraesentia
601 1770 711 1852 ipsius
733 1776 769 1833 et
791 1770 1030 1850 episcoporum
1053 1775 1158 1850 atque
1181 1768 1289 1830 abba·

342 1877 428 1948 tum,
443 1871 612 1934 ventilata
635 1877 688 1933 est
715 1887 820 1932 causa
844 1870 887 1932 de
908 1868 1059 1951 primatu
1079 1887 1182 1948 quem
1196 1866 1292 1931 Lan·

343 2120 465 2180 nignitate
489 2120 557 2181 regis
580 2122 605 2167 et
627 2121 696 2183 jure,
720 2119 807 2167 debita
829 2122 900 2166 tanta
910 2119 1080 2182 prosequitur,
1091 2119 1293 2169 ettalidomiuos

343 2189 501 2237 subditorum
524 2189 644 2238 fidelitate
668 2190 808 2250 proveniat,
830 2188 1003 2238 informatione
1029 2191 1163 2251 componit,
1189 2204 1221 2238 ne
1249 2190 1293 2238 vel

345 2260 410 2307 situs
428 2274 528 2320 quoque
546 2260 637 2320 patriae
656 2259 809 2308 confidenter
831 2259 931 2319 aliquos
953 2258 1061 2308 servitus
1082 2259 1229 2322 adnichilet,
1246 2263 1294 2307 aut

345 2329 809 2390 adjuvat,naturaebeneliciisetmaris
831 2329 956 2389 impunita
972 2329 1095 2377 securitas
1115 2329 1184 2378 elata
1202 2330 1294 2390 praeci·

345 2399 475 2447 vicinitate
487 2400 631 2460 conclusus,
641 2405 671 2448 ut
681 2400 735 2448 sine
752 2413 808 2461 gra·
833 2399 906 2460 pitet‚
917 2413 991 2460 reges
1002 2413 1102 2459 quoque
1114 2400 1158 2462 qui
1175 2399 1293 2461 perfunc·

347 2470 414 2516 tuita
431 2468 586 2518 dominorum
603 2471 706 2518 licentia
722 2470 809 2518 nullus
832 2468 897 2516 toria
908 2474 1013 2517 caeteros
1023 2483 1116 2529 pompa
1125 2470 1294 2533 praeveniunt,

348 2539 442 2600 exitus,
459 2539 523 2587 nulli
541 2540 699 2601 relinquatur
714 2541 810 2602 ingres·
832 2553 864 2586 ne
880 2539 1052 2599 potentatibus
1067 2540 1228 2602 insolescant,
1238 2554 1295 2589 car·

348 2621 402 2657 sus.
432 2609 506 2657 Unde
517 2613 587 2659 tanta
598 2611 666 2671 genti
677 2611 810 2671 securitas,
833 2609 873 2656 nis
884 2609 1069 2657 infirmitatibus
1080 2614 1105 2658 et
1115 2611 1232 2659 humanis
1248 2610 1295 2659 ad·

347 2682 419 2726 tanta
451 2679 572 2728 bonorum
598 2680 709 2728 omnium
736 2681 810 2740 copia
833 2679 935 2727 modum
953 2679 1147 2729 necessitatibus
1164 2681 1294 2741 expositos

349 2749 481 2810 successit,
491 2745 562 2810 ut‚'si
573 2765 640 2798 verae
651 2751 755 2798 rationis
766 2750 809 2798 ho·
833 2750 892 2797 utili
918 2751 1020 2809 penitus
1047 2750 1217 2799 sollicitudine
1245 2750 1295 2800 fre·

348 2824 445 2867 aestate
464 2825 602 2881 regeretur,
621 2821 703 2869 aetatis
724 2835 809 2869 aureae
833 2824 946 2880 quentat.
981 2819 1077 2880 Regem
1087 2821 1183 2882 quippe
1196 2835 1246 2870 non
1257 2820 1295 2870 fa·

349 2889 457 2948 pristina
491 2894 603 2951 tempora
637 2890 810 2940 conformaret.
834 2890 905 2938 ciunt
914 2889 987 2950 vulgi
1003 2890 1036 2938 de.
1050 2889 1164 2940 fascibus
1176 2890 1295 2942 fabulosa

350 2959 395 3005 Set
404 2958 452 3007 hoc
463 2960 540 3008 tantis
550 2975 605 3008 eam
613 2962 811 3020 promotionibus
835 2964 983 3021 commenta,
998 2961 1038 3008 vel
1053 2960 1160 3010 furentis
1176 2961 1294 3024 nsaniae,

350 3029 428 3089 elicit,
439 3029 508 3088 quod
526 3044 584 3077 curn
602 3031 669 3078 omni
687 3031 811 3080 forinseca
834 3030 875 3078 rel
885 3030 982 3078 infinita
987 3031 1090 3092 jugera,
1100 3030 1141 3080 vel
1152 3032 1234 3080 amica
1245 3047 1295 3093 pu·

349 3099 537 3158 perturbatione
563 3101 596 3149 sit
617 3100 706 3163 libera,
733 3102 810 3151 tantis
833 3099 939 3149 tredinis
948 3101 1079 3163 ingeniosa
1088 3100 1251 3163 crapula,vel
1260 3101 1295 3150 de

350 3169 500 3229 gaudiorum
521 3169 693 3230 voluptatibus
720 3171 810 3220 eveha-
834 3170 949 3219 lamentis
959 3172 1101 3231 pauperum
1113 3171 1234 3221 convulsa
1249 3186 1295 3232 pe·

350 3243 400 3300 tur,
417 3240 484 3288 sicut
504 3240 648 3289 miseranda
668 3242 810 3290 mortalium
834 3241 918 3288 cunia.
941 3243 1037 3303 Regem
1048 3257 1098 3290 non
1107 3241 1296 3292 faciantvestes

350 3309 461 3358 conditio
468 3314 516 3371 est,
523 3310 590 3359 malo
600 3311 698 3359 scilicet
705 3312 810 3361 acclinis
834 3310 929 3371 Tyriae,
950 3325 999 3359 non
1018 3326 1080 3360 auro
1095 3311 1183 3360 nitidae
1199 3313 1295 3375 trabes,

350 3382 375 3425 et
394 3379 479 3440 lapsui
495 3395 583 3443 prona,
593 3381 718 3430 intestinis
732 3383 809 3430 animi
833 3395 882 3428 non
900 3380 968 3429 color
983 3381 1071 3431 frontis
1086 3383 1128 3431 vel
1137 3389 1196 3430 vota
1212 3383 1293 3444 regia.

352 3448 518 3497 seditionibus
525 3455 550 3498 et
557 3465 752 3500 caeconovorum
759 3467 810 3500 mo·
834 3450 885 3498 Sed
906 3466 952 3499 rex
973 3457 1012 3501 est
1033 3453 1078 3512 qui
1099 3453 1185 3513 posuit
1211 3457 1295 3502 metus

350 3517 435 3566 limine
444 3534 543 3580 semper
552 3520 679 3570 infrendit.
713 3521 808 3571 Hinca
833 3525 859 3568 et
870 3520 919 3569 diri
935 3522 1003 3570 mala
1019 3523 1138 3583 pectoris,
1153 3536 1228 3584 quem
1244 3537 1295 3572 uon

350 3589 472 3647 primaevo
488 3590 575 3637 mundi
592 3591 719 3641 nascentis
737 3607 810 3641 exor-
834 3591 937 3639 ambitio
962 3593 1086 3653 impotens
1113 3597 1139 3641 et
1164 3607 1295 3655 nunquam

350 3658 403 3718 dio,
423 3672 487 3719 quos
508 3674 591 3707 rerum
613 3660 686 3709 Deus
710 3662 811 3711 Artifex
835 3662 933 3710 stabilis
963 3661 1035 3711 lavor
1055 3663 1127 3723 vulgi
1153 3664 1294 3724 praecipitis

353 3729 811 3792 aqualibertateditaveratinobedi-
833 3736 924 3781 movet.
959 3732 1016 3781 Rex
1026 3737 1065 3781 est
1076 3733 1121 3795 qni
1132 3747 1159 3781 se
1170 3733 1219 3781 diri
1235 3749 1295 3794 pec-

350 3799 426 3846 entiae
443 3803 526 3846 motus
541 3799 717 3850 inflammantis
727 3803 809 3864 eJ'ecit.
833 3802 894 3849 toris
905 3801 1035 3851 latoribus
1051 3806 1168 3865 evacuat,
1178 3807 1204 3852 et
1219 3805 1295 3864 prod·

351 3867 386 3915 Et
396 3869 441 3928 qui
456 3868 516 3916 coeli
532 3868 669 3918 Dominum
680 3872 744 3920 ferre
760 3887 809 3921 non
834 3885 889 3920 esse
912 3872 1020 3933 singulis
1038 3873 1152 3922 sollerter
1168 3874 1295 3939 invigilat,

350 3942 474 3999 poterant,
484 3938 611 3987 hominum
622 3942 734 3990 serviunt
749 3957 809 4002 pra·
834 3942 923 4001 quales
933 3957 1014 4004 nuper
1024 3943 1057 3992 ad
1067 3943 1199 4004 fastigium
1216 3944 1295 4008 hujus

349 4008 428 4056 vitate
448 4009 571 4070 distincti,
587 4010 712 4060 continuis
732 4013 810 4060 malo-
833 4012 951 4061 culminis
968 4029 1017 4062 non
1036 4014 1139 4062 ambitio
1155 4015 1298 4080 popularis,

349 4091 405 4127 rum
416 4079 642 4140 persecutionibus,
653 4081 811 4131 indeteriora
834 4082 879 4130 sed
901 4088 1015 4142 spectata
1031 4085 1096 4132 inter
1113 4086 1190 4134 bonos
1207 4087 1294 4135 mode-

350 4162 459 4209 quaequc
482 4150 595 4211 projecti.
632 4151 665 4199 Et
686 4153 746 4201 licet
765 4153 811 4201 inr-
833 4153 907 4213 ratio,
928 4156 1051 4213 prorexit.
1088 4155 1241 4204 Necessaria
1260 4156 1295 4204 si-

349 4219 450 4268 meritos
471 4220 558 4269 divina
579 4225 662 4269 tamen
683 4223 811 4272 miseratio
834 4223 935 4283 quidem
947 4229 985 4273 est
995 4224 1161 4274 mansuetudo
1172 4225 1296 4289 praelatis,
