2866 4868
331 416 398 481 646
551 432 665 484 enses
688 433 815 484 nncuu
839 433 1055 484 suenorum
1141 417 1232 500 [ms.
1247 431 1283 478 v.

335 590 534 668 nominasti,
548 598 649 657 tanta
662 599 777 659 tecum
787 591 1002 657 imminentia
1012 589 1286 666 confovebimus,

338 700 379 756 ut
402 692 462 774 qui
487 697 522 755 te
540 692 597 757 vel
618 692 715 757 illum
738 693 867 757 laeserit
882 692 1078 757 Romanam
1105 689 1287 754 ecclesiam

339 791 499 856 videatur
519 793 663 857 laesisse.
715 793 848 858 Datum
874 792 1069 869 Lateranis,
1099 809 1192 854 nono
1222 787 1287 854 ka-

340 892 462 956 lendas
475 885 718 958 ¹Decembris.’

181 1004 331 1058 convecta
387 991 405 1074 ᾗ
428 991 504 1055 415.
527 991 729 1057 ‘Paschalis
752 990 928 1057 Auselmo.
980 989 1214 1054 Suavissimas
1235 988 1290 1055 di·

181 1062 203 1098 to
211 1058 309 1097 Anselm.

341 1091 499 1156 lectionis
512 1100 582 1156 tuae
600 1093 794 1176 accepimus
811 1092 943 1169 literas,
957 1090 1136 1155 charitatis
1154 1090 1291 1154 calamo

343 1192 503 1274 scriptas.
556 1192 600 1257 In
634 1192 689 1256 his
721 1192 950 1257 reverentiam
986 1190 1181 1255 devotionis
1217 1196 1292 1254 tuae

344 1291 624 1374 complectimur;
648 1300 683 1357 et
697 1292 948 1376 perpendentes
973 1290 1054 1355 fidei
1077 1290 1292 1367 tuae'robur,

345 1399 380 1456 ct
394 1392 463 1473 piae
479 1391 721 1457 sollicitudinis
738 1392 955 1469 instantiam,
969 1391 1179 1468 exultamus,
1194 1391 1292 1473 quia,

346 1492 460 1573 gratia
477 1492 544 1556 Dei
567 1493 631 1557 tibi
649 1498 839 1575 praestante
863 1491 1046 1568 auxilium,
1070 1497 1107 1554 te
1127 1509 1191 1555 nec
1208 1509 1291 1573 pro·

345 1591 452 1659 missa
474 1593 675 1671 sustollunt,
703 1612 767 1658 nec
792 1591 895 1655 minae
917 1590 1132 1656 concutiunt.
1184 1589 1294 1654 Dole-

345 1709 423 1754 mus
445 1699 561 1756 autem
579 1693 673 1775 qnia,
688 1712 766 1759 cum
788 1691 913 1759 fratres
934 1698 1072 1755 nostros
1096 1689 1293 1773 episcopos,

345 1790 482 1873 legatos
507 1792 599 1872 regis
619 1790 826 1874 Anglorum,
850 1791 1000 1873 benigne
1025 1790 1292 1871 susceperimus,

346 1911 425 1973 quae
442 1911 506 1955 nec
520 1892 671 1955 diximus
692 1893 748 1969 iis,
764 1910 828 1955 nec
849 1891 1091 1974 cogitavimus
1108 1889 1293 1955 redeuutes

346 1991 390 2053 ad
404 1991 544 2074 propria
555 1992 756 2056 retulerunt.
810 1989 1016 2056 Audivimus
1030 1991 1120 2055 enim
1137 2007 1197 2054 eos
1215 1989 1294 2053 dix-

346 2090 426 2168 isse,
441 2092 534 2172 quia,
552 2091 582 2155 si
598 2111 661 2155 rex
672 2093 709 2155 in
727 2090 804 2155 aliis
819 2093 906 2155 bene
922 2098 1053 2173 ageret,
1068 2110 1131 2154 nos
1147 2089 1292 2155 inuesti-

347 2198 444 2254 turas
470 2190 694 2256 ecclesiarum
716 2210 779 2255 nec
800 2190 994 2275 prohibere,
1010 2210 1074 2254 nec
1095 2190 1206 2275 factas
1229 2209 1293 2255 ex·

347 2291 620 2370 communicare3
643 2299 679 2355 et
704 2289 796 2374 quod
823 2290 902 2355 ideo
929 2291 1129 2355 nolebamus
1161 2289 1293 2354 chartac

347 2392 572 2467 committere,
587 2410 631 2454 ne
650 2391 715 2455 sub
730 2391 911 2456 occasione
924 2409 966 2454 ea
980 2390 1097 2455 caeteri
1119 2389 1294 2474 principes

347 2489 385 2552 in
406 2509 470 2554 nos
491 2491 728 2555 inclamarent.
781 2490 884 2556 Unde
898 2489 922 2555 J
925 2509 1033 2567 esum,
1048 2491 1108 2573 qui
1129 2489 1237 2555 corda
1258 2497 1295 2555 et

347 2608 448 2653 renes
464 2597 651 2667 scrutatur,
665 2591 702 2654 in
718 2591 867 2654 animam
881 2598 1035 2655 nostram
1049 2596 1173 2655 testem
1193 2590 1295 2655 invo-

347 2708 479 2767 camus,
494 2690 537 2768 si,
554 2709 684 2774 exque
703 2690 808 2775 hujus
825 2697 957 2755 sanctae
973 2690 1065 2755 sedis
1081 2708 1201 2755 curam
1217 2708 1296 2754 sus·

348 2790 502 2871 cepimus
518 2809 650 2871 gerere,
666 2789 733 2854 hoc
749 2791 898 2854 immane
914 2790 1029 2856 scelus
1044 2789 1101 2854 vel
1113 2788 1294 2854 descendit

346 2889 384 2952 in
400 2889 573 2953 mentem?
625 2890 673 2953 Et
689 2890 792 2956 inira.
842 2889 902 2953 ‘Si
918 2909 1002 2972 ergo
1020 2887 1154 2971 virgam
1172 2897 1294 2973 pasto·

347 2988 497 3056 rolitatis
522 2990 672 3071 signum,
700 2991 730 3054 si
764 2989 930 3055 annulum
958 2989 1177 3072 signaculum
1201 2989 1295 3068 fidei,

347 3089 456 3154 tradit
481 3088 573 3153 laica
598 3109 734 3167 manus,
758 3090 843 3173 quid
868 3090 906 3154 in
935 3090 1081 3154 ecclesia
1112 3084 1294 3171 pontifices

348 3191 481 3270 aguntl
526 3189 720 3272 Episcopus
737 3197 854 3254 autem
871 3189 931 3273 qui
945 3190 1127 3255 veritatem
1143 3189 1180 3252 in
1197 3208 1296 3253 men·

347 3287 484 3352 dacium
510 3297 778 3366 commutarunt,
803 3291 880 3373 ipsa
899 3289 1059 3367 veritate,
1087 3308 1167 3372 quae
1194 3288 1293 3355 Deus

348 3395 413 3465 est,
426 3388 463 3451 in
479 3389 629 3453 medium
645 3390 855 3467 introducta,
873 3409 894 3453 a
909 3390 1003 3454 beati
1018 3389 1117 3454 Petri
1131 3389 1246 3470 gratia
1259 3397 1295 3455 et

348 3508 370 3551 a
397 3495 516 3551 nostra
546 3489 712 3553 societate
742 3490 952 3554 secernimus
980 3489 1091 3555 donec
1122 3488 1294 3555 Romanae

347 3587 502 3652 ecclesiae
516 3587 744 3654 satisfaciant.
778 3589 985 3673 Quicunque
999 3609 1082 3655 vero
1095 3589 1189 3653 intra
1202 3609 1294 3673 prae-

346 3687 458 3755 dictas
477 3687 634 3753 inducias
648 3682 891 3755 ²investituras
918 3689 1215 3754 consecrationum
1238 3709 1296 3756 ac·

379 4007 389 4042 ¹
399 4010 562 4075 vesamae]
578 4011 626 4062 See
636 4011 679 4061 the
695 4011 769 4062 letter
779 4010 806 4060 iu
830 4008 873 4058 All
885 4010 928 4060 the
938 4009 1013 4061 MSS.
1021 4011 1083 4060 read
1094 4023 1131 4061 so.
1156 4009 1211 4060 'I'he
1221 4010 1296 4061 letter

343 4082 462 4144 Radices,
472 4098 498 4144 p.
510 4085 551 4132 ⁷4.
830 4081 928 4142 printed
947 4081 973 4129 in
990 4081 1110 4142 Eadmer,
1120 4096 1147 4142 p.
1159 4084 1201 4140 ta,
1218 4081 1295 4131 reads

829 4151 925 4213 rightly
941 4151 1130 4202 ‘investituram
1147 4151 1189 4202 vel
1205 4165 1295 4202 conse·

377 4217 561 4272 ²Issaeotittour
579 4213 804 4289 consecrationum]
829 4221 984 4272 orationem!
1079 4264 1080 4267 ,
