2866 4868
323 397 389 461 504
546 410 660 458 casm
684 410 810 457 aucun
835 409 1046 459 nuccoauu.
1128 394 1281 476 [manv.

289 606 293 616 ·
326 572 378 634 ita
399 565 510 651 possit
530 565 597 630 dici
619 567 712 649 quod
737 567 853 631 anima
869 566 892 630 J
895 567 957 630 ulii
973 565 1123 631 Caesaris
1150 567 1281 630 transi·

329 670 396 734 erit
409 670 446 732 in
460 688 575 748 regem
591 666 815 731 Willelmum.

384 768 489 853 5321.
501 767 619 830 Unum
635 767 829 843 aedificium,
842 773 877 830 et
890 767 1004 848 ipsum
1015 768 1284 848 permaximum,

333 864 485 932 ldomum
502 869 538 930 in
555 866 736 931 Londonia
750 866 879 949 incepit
895 873 931 929 et
945 865 1101 948 perfecit,
1116 887 1184 932 non
1200 886 1285 950 par·
1332 874 1336 883 '

334 989 415 1032 cens
432 967 595 1050 expensis
609 967 794 1030 dummodo
810 966 1028 1030 liberalitatis
1050 986 1123 1030 suae
1145 968 1285 1049 magni-

335 1069 509 1133 ficentiam
534 1067 734 1144 exhiberet3
769 1073 804 1130 et
834 1086 945 1130 mores
968 1065 1106 1148 quidem
1134 1067 1210 1150 ejus
1237 1086 1286 1130 ex

336 1169 402 1245 bis,
428 1187 506 1250 quae
532 1166 695 1243 diximuS,
717 1166 991 1230 animadvertere
1012 1165 1141 1248 poterit
1163 1167 1286 1232 lector.

176 1284 307 1351 coaequo?
363 1269 375 1331 i
397 1268 475 1350 quis
491 1286 573 1330 vero
596 1266 769 1331 desiderat
790 1267 877 1330 scire
899 1267 1052 1348 corporis
1074 1267 1150 1350 ejus
1173 1267 1288 1350 quali-

174 1337 314 1439 fflf‘m'
355 1374 458 1444 atem,
482 1367 620 1430 noverit
635 1385 713 1429 eum
735 1365 840 1428 fuisse
863 1385 1006 1448 corpore
1020 1365 1203 1448 quadrato,
1226 1387 1288 1432 co·

337 1469 411 1533 lore
427 1466 516 1543 rufo,
532 1466 625 1529 crine
647 1466 819 1542 subflavo,
831 1465 943 1530 fronte
966 1465 1168 1544 fenestrata,
1183 1467 1287 1533 oculo

340 1569 450 1643 vario,
488 1565 694 1649 quibusdam
733 1566 1031 1629 intermicantibus
1067 1567 1176 1648 guttis
1215 1567 1288 1630 dis·

340 1658 449 1732 tincto
463 1687 472 1746 3
494 1666 670 1748 praecipuo
687 1666 821 1742 robore,
837 1685 1036 1748 quanquam
1055 1686 1125 1729 non
1150 1685 1289 1749 magnae

341 1775 498 1843 staturae,
516 1774 551 1831 et
562 1773 681 1830 ventre
698 1764 802 1847 paulo
818 1765 1035 1849 projectiore.
1068 1766 1289 1850 Eloquentiae

341 1868 459 1944 nullae,
485 1866 545 1931 sed
574 1866 761 1929 titubantia
781 1866 909 1946 linguae
935 1865 1110 1943 notabilis,
1137 1867 1290 1932 maxime

180 1987 322 2031 mauriane
342 1988 421 2033 cum
444 1967 497 2030 ira
525 1972 767 2029 succresceret.
819 1964 928 2030 Plura
957 1967 1087 2030 subeo
1112 1967 1230 2031 subita
1254 1974 1291 2032 et

180 2049 315 2140 ἓῗέἷῗῖἶῖῗ
344 2068 458 2133 tristia
472 2066 684 2142 acciderunt,
699 2085 777 2148 quae
794 2066 996 2147 singulatim
1012 2085 1074 2148 per
1088 2085 1197 2130 annos
1211 2067 1291 2151 ejus

179 2141 247 2191 ‘⁰¹³⁰'
343 2169 549 2250 digeremus
578 2165 718 2230 veritati
754 2165 905 2230 maxime
938 2152 1126 2230 secundum
1152 2166 1292 2231 chroni-

344 2287 461 2333 corum
476 2266 579 2330 fidem
594 2265 832 2329 inservientes

182 2389 305 2429 nuncu.
395 2366 503 2451 §322
526 2365 684 2429 Secundo
709 2384 801 2429 anno
824 2365 921 2446 regni
944 2365 1020 2449 ejus
1048 2372 1149 2430 terrae
1176 2373 1294 2431 motus

181 2440 278 2490 ΜΝ
344 2469 467 2548 ingens
484 2473 594 2530 totam
616 2463 781 2547 Angliam
803 2465 973 2529 exterruit
993 2465 1097 2530 tertio
1119 2466 1197 2531 idus
1215 2465 1292 2531 Au-

344 2568 450 2650 gusti,
464 2564 635 2630 horrendo
657 2564 835 2643 miraculo,
851 2571 892 2629 ut
906 2565 1052 2629 aedificia
1068 2567 1185 2630 omnia
1206 2567 1292 2632 emi·

344 2687 410 2731 nns
434 2665 616 2742 resilirent,
636 2672 671 2729 et
693 2686 775 2729 mox
800 2664 946 2747 pristino
970 2684 1064 2729 more
1089 2666 1293 2731 residerent.

345 2767 473 2831 Secuta
488 2773 542 2829 est
563 2765 680 2847 inopia
692 2758 862 2829 ²omnium
876 2763 1070 2845 fructuum3
1093 2765 1195 2830 tarda
1216 2786 1292 2830 ma-

346 2867 472 2931 turitas
489 2866 639 2946 frugum,
654 2872 693 2928 ut
709 2866 771 2928 vix
794 2865 839 2928 ad
860 2864 987 2929 festum
1012 2867 1124 2929 sancti
1141 2864 1294 2932 Andreae

347 2985 477 3030 messes
494 2965 770 3029 reconderentur.

186 3088 241 3127 nn.
252 3087 309 3127 uer.
399 3065 508 3149 §323
533 3064 669 3143 Quarto
684 3084 776 3128 anno
793 3066 962 3129 tumultus
976 3065 1163 3148 fulgurum,
1179 3073 1297 3132 motus

187 3139 233 3179 ⁰⁰²¹
244 3140 275 3178 ¹⁵'
348 3166 523 3230 turbinum
538 3186 547 3245 ;
575 3165 721 3247 denique
736 3164 814 3228 idus
831 3165 992 3229 Octobris
1008 3167 1100 3249 apud
1116 3166 1296 3231 Winchel-

349 3267 507 3330 cumbam
530 3266 620 3328 ictus
647 3265 688 3327 de
707 3265 795 3348 coelo
818 3267 963 3328 emissus
989 3267 1082 3330 latus
1101 3267 1208 3331 turris
1231 3267 1297 3330 im·

350 3365 440 3447 pulit
454 3372 553 3428 tanta
568 3366 615 3442 vi,
639 3372 690 3442 ut,
712 3364 893 3429 debilitata
915 3368 1064 3431 maceria
1085 3368 1122 3429 in
1146 3366 1297 3433 confinio

351 3466 445 3541 tecti,
459 3466 581 3546 ingens
598 3464 750 3528 foramen
767 3465 963 3529 admodum
988 3467 1147 3531 humanae
1170 3468 1299 3548 grossi-

350 3565 479 3628 tudinis
502 3564 702 3647 aperiretur.
756 3565 810 3628 lbi
832 3567 1009 3647 ingressus
1030 3568 1164 3630 trabem
1187 3567 1297 3631 maxi·

398 3788 529 3839 ¹Domum
554 3791 580 3838 in
599 3791 723 3839 medonta
749 3790 812 3838 iuce-
838 3791 921 3840 called
948 3791 992 3841 the
1014 3792 1099 3841 While
1124 3793 1223 3857 Tower,
1246 3808 1301 3845 was

349 3860 517 3924 pit.]1thas
538 3862 603 3910 been
622 3861 731 3909 inferred
750 3861 813 3908 from
838 3863 997 3910 commenced
1019 3863 1054 3924 by
1076 3863 1118 3911 the
1146 3865 1303 3926 Conqueror,

351 3931 402 3980 this
429 3946 537 3992 passage
559 3932 613 3979 that
640 3932 814 3992 Malmesbury
838 3933 888 3980 and
900 3932 1004 3980 linished
1017 3934 1052 3995 by
1063 3932 1157 3996 Rufus,
1168 3936 1249 3984 under
1257 3936 1300 3985 the

352 4006 430 4050 states
448 4001 490 4049 the
501 4001 591 4050 Tower
601 4001 631 4049 of
645 4001 749 4050 London
760 4016 814 4050 was
838 4003 1063 4062 superintendence
1098 4003 1126 4052 of
1157 4005 1301 4067 Gundnlph

262 4131 264 4136 Ι
353 4073 417 4119 built
433 4073 467 4132 by
477 4071 589 4120 William
604 4071 696 4121 Rufus.
732 4072 813 4120 There
838 4072 1124 4133 bishoposRochester.

353 4156 470 4202 appears,
491 4141 617 4203 however,
644 4141 708 4191 little
734 4142 813 4190 doubt
873 4139 1031 4206 ²0maium.]
1049 4142 1082 4190 A.
1101 4143 1130 4192 S.
1149 4146 1178 4195 C.
1194 4145 1228 4195 D.
1241 4147 1298 4196 Ea.

353 4211 408 4258 that
418 4211 459 4259 the
475 4212 601 4274 principal
618 4212 744 4274 building,
754 4227 812 4260 now
838 4212 885 4274 L.;
903 4213 1007 4261 omitted
1018 4214 1044 4261 in
1057 4214 1080 4261 E
1090 4217 1112 4264 1.
