2866 4868
313 407 378 473 408
529 423 642 475 cssrn
666 424 792 473 11111111
817 424 1031 473 nncuonun.
1106 411 1274 491 [1111.111.·

152 603 289 696 *ddffl-
366 583 472 669 §238.
497 584 573 648 Ista
594 604 657 667 pro
673 585 824 649 utilitate
843 585 1030 666 legentium
1051 603 1106 648 me
1129 584 1266 647 inseru-

152 703 248 795 ffiemhp
257 754 294 794 ue
314 705 382 752 isse
397 705 465 749 non
479 686 610 768 piguit3
634 705 725 749 nunc
739 685 781 749 de
794 684 968 750 Willelmo
981 685 1115 768 loquar.
1167 683 1202 748 N
1205 704 1265 749 am

154 804 244 896 mizi
317 787 399 870 quia
428 786 589 863 breviter,
615 805 679 850 nec
704 794 745 850 ut
772 792 856 868 puto
880 785 1060 862 inutiliter,
1091 804 1146 849 res
1174 785 1266 869 ejus,

232 883 237 894 '
318 905 405 973 quas
430 886 602 950 duntaxat
630 907 745 951 comes
773 887 809 950 in
838 886 1053 950 Normannia
1078 886 1178 949 anuis
1200 886 1267 949 tri·

319 987 417 1071 ginta
444 986 615 1064 actitavit,
644 989 818 1070 percurri;
850 987 951 1050 modo
976 986 1071 1050 aliud
1101 985 1267 1049 narrandi
1374 1055 1381 1062 ,

319 1087 498 1152 exordium
521 1089 606 1153 ordo
636 1097 827 1170 temporum
853 1086 1000 1168 flagitat,
1023 1093 1062 1150 ut
1087 1084 1130 1149 de
1157 1105 1267 1168 regno

320 1188 408 1272 ejuS,
423 1195 592 1269 quantum
607 1195 727 1252 nostra
739 1188 928 1251 sciscitatio
943 1195 1124 1269 penetrare
1140 1187 1269 1268 potuit,

321 1287 537 1352 mendacium
551 1309 706 1370 arguam,
716 1289 897 1353 veritatem
914 1288 1148 1370 pronunciem.
1185 1287 1267 1352 Rex

323 1389 515 1454 Edwardus
537 1388 610 1452 sato
632 1389 769 1453 functus
791 1389 923 1452 fuerat:
948 1386 1079 1468 Anglia
1097 1386 1200 1450 dnbio
1215 1387 1268 1450 sa-

323 1509 406 1553 vore
420 1489 577 1565 nutabat,
593 1489 648 1552 cui
673 1509 711 1553 se
733 1490 857 1554 rectori
879 1488 1108 1552 committeret
1125 1488 1270 1563 incerta,

324 1609 369 1652 an
395 1588 565 1667 Haroldo‚
589 1609 634 1653 an
655 1590 843 1667 willelmo,
868 1609 913 1653 an
940 1589 1099 1671 Edgar03
1133 1607 1211 1651 nam
1234 1595 1272 1651 et

323 1688 433 1767 illum,
459 1709 521 1771 pro
548 1709 673 1770 genere
700 1690 895 1772 proximum
925 1710 1043 1768 regno,
1071 1689 1272 1771 proceribus

324 1809 387 1853 rex
414 1790 726 1868 commendaverat,
749 1791 856 1854 tacito
878 1790 1010 1854 scilicet
1032 1790 1157 1852 mentis
1176 1789 1272 1874 judi·

325 1890 391 1968 cio,
407 1891 468 1954 sed
482 1911 591 1972 prono
611 1892 647 1954 in
671 1890 887 1954 clementiam
907 1890 1033 1954 animo.
1086 1888 1216 1969 Quare,
1231 1896 1272 1953 ut

326 1991 484 2073 praedixi,
502 1989 611 2072 Angli
625 1990 769 2063 diversis
784 1991 875 2054 votis
891 1990 1099 2067 serebantur,
1113 1990 1273 2072 quamvis

326 2091 441 2174 palam
469 2091 585 2155 cuncti
610 2092 702 2156 bona
724 2090 882 2155 Haroldo
912 2091 1202 2172 imprecarentur:
1238 2097 1273 2154 et

325 2192 384 2255 ille
399 2191 548 2273 quidem,
561 2190 754 2256 diademate
768 2191 978 2272 fastigiatus
995 2191 1080 2254 nihil
1096 2190 1138 2254 de
1161 2191 1272 2274 pactis

326 2291 416 2354 inter
437 2311 474 2354 se
500 2299 534 2354 et
555 2292 767 2356 Willelmum
794 2292 990 2373 cogitabat3
1029 2292 1209 2355 liberatum
1234 2310 1272 2354 se

326 2403 542 2455 sacramento
568 2412 736 2470 asserens
763 2394 855 2475 quod
880 2392 952 2456 filia
981 2393 1056 2477 ejus
1083 2412 1187 2474 quam
1213 2390 1273 2454 de·

327 2491 514 2573 sponderat
543 2493 629 2556 citra
657 2495 790 2557 nubiles
813 2513 922 2557 annos
951 2494 1094 2557 obierat.
1149 2492 1274 2555 Fertur

327 2591 418 2654 enim
434 2592 487 2656 vir
501 2592 570 2669 ille,
593 2613 659 2657 non
684 2596 809 2676 paucis
817 2594 1002 2658 virtutibus
1020 2592 1196 2676 praeditus,
1213 2610 1276 2674 pa-

328 2712 404 2754 rum
434 2693 600 2755 adversus
627 2695 803 2776 perfidiam
835 2695 901 2756 sibi
937 2694 1150 2757 consuluisse
1178 2693 1276 2755 dum-

329 2792 430 2855 modo
454 2800 572 2874 posset
600 2798 859 2877 quibuscunque
884 2794 1070 2876 praestigiis
1100 2794 1274 2856 hominum

329 2891 611 2958 ratiocinationes
635 2891 864 2977 suspendere:
890 2903 1068 2976 praeterea,
1086 2894 1146 2976 qui
1172 2901 1274 2975 puta·

330 2999 383 3055 ret
407 2992 518 3057 minas
531 2994 696 3060 Willelmi
718 3014 896 3076 nunquam
916 2995 959 3056 ad
982 2994 1109 3057 factum
1133 3000 1274 3075 eruptu-

329 3109 399 3167 ras,
415 3095 506 3173 quod
524 3093 581 3156 ille
599 3095 887 3157 conterminorum
903 3093 1028 3157 ducum
1045 3093 1144 3157 bellis
1162 3092 1275 3174 impli-

329 3198 479 3270 caretur,
494 3200 602 3257 totum
624 3193 775 3255 animum
791 3193 863 3257 otio
878 3213 955 3257 cum
977 3193 1141 3278 subjectis
1162 3193 1277 3256 indul-

329 3299 443 3371 serat;
468 3312 545 3355 nam
563 3292 728 3373 profecto,
745 3295 811 3357 nisi
826 3294 917 3376 quod
938 3293 1145 3358 Noricorum
1159 3313 1276 3375 regem

329 3392 518 3456 adventare
544 3392 675 3470 didicit,
704 3413 766 3457 nec
804 3394 948 3457 militem
986 3414 1177 3458 convocare
1213 3413 1277 3457 nec

330 3492 439 3554 aciem
465 3490 610 3572 dirigere
640 3493 803 3576 dignatus
834 3493 968 3558 fuisset.
1021 3492 1122 3558 Alter
1144 3494 1277 3558 interea

329 3590 427 3654 illum
455 3611 517 3672 per
545 3592 689 3656 nuncios
720 3594 843 3658 leniter
877 3594 1072 3671 convenire,
1102 3595 1145 3657 de
1175 3602 1277 3677 rupto

329 3690 458 3754 foedere
472 3692 705 3772 expostulare,
718 3695 876 3776 precibus
894 3695 1005 3758 minas
1026 3696 1163 3758 insuere
1178 3716 1186 3775 3
1210 3695 1279 3758 sci-

328 3796 381 3853 ret
404 3809 442 3852 se
468 3795 548 3854 ante
570 3810 698 3856 annum
722 3814 897 3857 emensum
919 3795 1010 3858 ferro
1031 3796 1182 3861 debitum
1199 3796 1278 3860 vin·

329 3890 534 3968 dicaturum,
557 3891 639 3956 illuc
664 3895 793 3957 iturum
823 3915 891 3976 quo
926 3895 1104 3960 Haroldus
1132 3897 1276 3960 tutiores

328 4008 365 4053 se
383 3991 488 4071 pedes
505 3992 630 4057 habere
644 4000 792 4075 putaret.
847 3993 989 4072 Contra,
1005 3996 1075 4073 ille,
1091 3991 1187 4078 lquae
1202 3997 1275 4060 dixi

587 4224 593 4254 ¹
608 4229 669 4283 Quae
680 4223 758 4297 dict]
771 4229 819 4278 See
831 4229 844 4292 t
856 4232 914 4291 228,
925 4242 951 4288 p.
966 4231 1021 4277 384.
1118 4271 1123 4280 .
