2866 4868
124 402 276 482 maru]
356 419 470 467 cus'rn
495 420 621 467 nneuu
647 420 861 468 ANGLoRUM.
1012 403 1073 468 531

127 597 205 641 cum
229 578 320 642 lacte
341 586 489 641 matrum
514 577 625 642 affusa
646 587 700 643 est
719 579 937 643 sacerdotum
950 582 1076 659 verb03

129 679 218 742 hanc
241 679 390 763 majores
407 679 515 742 vestri
538 686 709 761 martyres
731 679 993 762 praetenderunt
1018 699 1079 743 ex·

129 778 254 860 emplo.
307 778 406 842 Mors
422 779 513 842 enim
536 800 557 844 a
577 780 776 843 coenulento
796 799 932 843 carcere
953 777 1079 842 liberat

129 880 275 956 animaS,
297 877 341 942 ad
366 879 542 961 proprium
570 880 684 942 locum
713 899 775 961 pro
803 879 935 942 meritis
961 878 1079 941 evola·

131 985 239 1043 turaS.
279 978 377 1042 Mors
391 979 561 1042 accelerat
575 978 675 1042 bonis
690 978 839 1060 patriam
852 998 861 1056 3
883 997 976 1041 mors
990 998 1080 1060 prae-

131 1079 215 1142 cidit
230 1078 299 1142 reis
313 1078 499 1141 malitiam:
524 1098 586 1159 per
601 1084 745 1141 mortem
761 1098 844 1159 ergo
864 1077 982 1142 liberae
1005 1078 1080 1141 ani-

132 1197 198 1241 mae
213 1178 270 1242 vel
290 1179 509 1242 oblectantur
533 1177 681 1258 gaudiis,
697 1197 758 1259 spe
782 1178 925 1241 meliora
949 1197 1080 1260 praesu-

133 1285 286 1357 mentes;
320 1278 377 1342 vel
401 1277 562 1340 fruuntur
586 1277 775 1359 suppliciis,
802 1277 887 1340 nihil
910 1278 1009 1361 pejus
1038 1279 1082 1341 ti·

134 1385 278 1442 mentes,
331 1377 425 1440 Dum
451 1384 567 1441 autem
585 1377 733 1441 vinculis
760 1397 942 1460 corporum
969 1378 1083 1441 irreti-

135 1485 253 1555 untur,
280 1477 423 1541 trahunt
449 1478 493 1540 ab
518 1477 604 1560 ipsis
632 1478 824 1541 terrulenta
853 1478 1026 1558 contagia,
1049 1485 1084 1542 ct

136 1575 247 1664 (quod
270 1578 440 1641 veraciter
464 1578 542 1660 quis
568 1573 679 1662 dicat)
707 1584 853 1641 mortuae
883 1585 986 1657 sunt;
1021 1598 1085 1642 nec

137 1677 228 1741 enim
252 1676 384 1740 luteum
406 1677 552 1755 coelesti,
580 1677 736 1741 divinum
767 1678 916 1754 mortali,
943 1678 1086 1760 pulchre

137 1775 299 1841 cohaeret.
340 1776 533 1840 Plurimum
551 1776 689 1859 quidem
704 1786 821 1859 potest
838 1778 964 1854 anima,
981 1779 1085 1842 etiam

136 1896 230 1941 nunc
249 1877 385 1959 corpori
403 1876 550 1960 juncta3
584 1877 849 1940 instrumentum
872 1878 963 1940 enim
986 1897 1086 1941 suum

139 1976 306 2054 vivificat,
328 1977 479 2041 latenter
504 1976 541 2041 id
562 1996 716 2053 movenS,
732 1984 767 2039 et
792 1977 885 2040 ultra
907 1978 1086 2041 mortalem

138 2084 298 2140 naturam
315 2076 424 2159 gestis
437 2076 651 2162 producens:
667 2084 893 2140 veruntamen
909 2097 1000 2153 cum,
1014 2097 1087 2140 sar-

139 2177 219 2240 cina
243 2195 314 2259 qua
337 2177 523 2241 interram
550 2177 698 2241 trahitur
724 2176 896 2252 absoluta,
912 2178 1088 2258 proprium

141 2276 254 2340 locum
271 2276 450 2359 receperit,
466 2278 605 2340 beatam
620 2285 655 2340 et
670 2276 822 2358 undique
841 2277 986 2339 liberam
1008 2297 1088 2359 par-

143 2377 265 2458 ticipat
280 2377 529 2454 fortitudinem,
545 2378 854 2459 quomodocunque
877 2377 1004 2440 divinae
1028 2397 1088 2441 na·

144 2484 232 2541 turae
256 2476 489 2541 invisibilitati
513 2477 781 2541 communicans.
834 2475 982 2541 Gemino
1007 2496 1090 2559 ergo

143 2575 263 2640 functa
278 2574 401 2654 officio,
417 2577 553 2659 corpori
569 2577 677 2640 vitam
699 2578 873 2642 ministrat
887 2598 965 2642 cum
980 2579 1090 2656 adest,

143 2695 284 2739 causam
316 2696 398 2740 vero
429 2677 630 2740 mutationis
658 2698 736 2741 cum
765 2678 902 2741 recedit.
953 2677 1091 2743 Videtis

145 2796 248 2858 quam
254 2775 406 2860 jocunde
421 2778 536 2840 anima
547 2777 584 2839 in
599 2776 790 2841 dormiente
804 2797 947 2859 corpore
958 2778 1090 2861 vigilet,

147 2884 193 2953 et,
226 2895 247 2939 a
275 2879 434 2940 sensibus
466 2876 620 2954 seducta,
650 2898 712 2960 pro
740 2878 858 2941 divina
884 2880 1092 2959 cognatione

146 2976 257 3040 multa
281 2976 400 3040 sutura
426 2977 626 3058 praevideat.
680 2977 751 3041 Cur
774 2999 857 3060 ergo
880 2987 1024 3043 mortem
1047 2980 1091 3041 ti-

148 3077 261 3153 metis,
276 3077 336 3158 qui
351 3078 463 3140 somni
485 3078 650 3159 requiem,
665 3098 743 3161 quae
764 3079 876 3142 instar
890 3080 1010 3142 mortis
1028 3087 1093 3155 est,

148 3177 318 3259 diligitist
371 3176 444 3241 Res
459 3185 513 3240 est
530 3178 691 3240 nimirum
708 3179 902 3254 dementiae,
919 3198 982 3260 pro
996 3180 1093 3260 cupi-

148 3277 257 3341 ditate
273 3277 492 3352 brevisvitae,
509 3278 663 3341 invidere
679 3279 744 3341 sibi
762 3285 976 3360 perpetuam.
1001 3277 1095 3355 Quin

149 3377 266 3460 potius
282 3375 426 3463 (fratres
449 3374 672 3461 charissimi),
689 3377 720 3441 si
741 3379 793 3441 ita
815 3378 1011 3459 contigerit,
1035 3398 1096 3464 po-

150 3477 223 3540 nite
253 3494 317 3558 pro
344 3477 511 3541 fratribus
537 3478 670 3541 animas
696 3486 854 3556 vestras3
881 3486 1029 3542 vacuate
1051 3479 1095 3541 ab

149 3575 264 3658 impiis
288 3576 356 3640 Dei
377 3579 580 3654 sacrarium,
607 3579 783 3643 extrudite
803 3579 975 3657 latrones3
997 3578 1098 3640 indu-

149 3675 217 3740 cite
239 3675 327 3761 pios.
380 3675 489 3741 Nulla
505 3697 568 3741 vos
594 3679 858 3743 necessitudinis
880 3679 991 3761 pietas
1014 3698 1097 3742 con·

151 3775 274 3852 tineat,
306 3776 389 3859 quia
422 3778 535 3858 prima
573 3777 722 3842 hominis
755 3781 866 3861 pietas
899 3779 936 3841 in
971 3779 1095 3842 Deum.

151 3874 297 3939 Nullum
315 3875 443 3940 natalis
466 3877 531 3941 soli
555 3877 707 3942 charitas
725 3881 835 3956 tricet,
854 3879 937 3962 quia
953 3880 1098 3943 diversis

152 3976 366 4058 respectibus
382 3976 581 4041 Christiano
599 3985 693 4042 totus
710 3986 762 4042 est
778 3979 926 4042 mundus
944 3980 1098 4056 exilium,

154 4082 189 4138 et
213 4077 483 4140 totus-mundus
510 4078 648 4159 patria;
672 4080 722 4141 ita
747 4078 889 4141 exilium
911 4080 1037 4161 patria,
1066 4086 1100 4141 et

153 4176 268 4258 patria
290 4177 442 4240 exilium.
497 4177 643 4241 Nullum
673 4179 957 4260 patrimoniorum
980 4178 1102 4260 ampli-
