2866 4868
187 436 256 484 nin.
275 419 345 502 uu]
420 436 534 486 cnsrn
557 436 685 485 nncuu
709 436 924 486 nucnonuu.
1074 423 1140 488 407

188 597 336 676 niscens,
351 605 446 662 totus
461 596 563 662 modo
579 597 726 661 mundus
742 597 894 661 valitura
909 595 1060 660 remedia
1076 616 1138 663 ex·

189 698 315 778 quirat.
368 698 414 762 Et
428 707 467 762 ut
483 697 636 780 aliquam
659 697 847 779 experiaris
870 716 915 760 ex
930 697 1015 760 meis
1037 697 1139 762 innu-

189 799 410 862 merabilibus
428 799 565 881 poenis,'
582 797 756 880 protendit
772 816 910 861 manum
926 798 1065 861 sanioso
1083 799 1137 862 ul·

188 916 265 961 cere
289 898 491 977 stillantem,
515 906 551 963 et
565 899 654 976 ‘en,'
676 900 737 977 ait,
755 905 880 962 ‘unam
905 918 951 962 ex
973 898 1136 978 minimis,

189 997 369 1062 videturne
383 999 447 1063 tibi
460 999 547 1064 levis
559 999 586 1063 l'
631 998 719 1062 Cum
741 999 852 1064 levem
869 999 935 1062 sibi
950 999 1059 1062 videri
1082 1019 1135 1063 re·

189 1096 305 1176 ferret,
326 1098 397 1177 ille,
413 1100 565 1165 curvatis
587 1098 624 1162 in
639 1100 754 1164 volam
776 1099 905 1180 digitis,
924 1106 994 1163 tres
1017 1105 1136 1180 guttas

187 1198 369 1263 defluentis
390 1201 463 1264 tabi
485 1219 589 1282 super
604 1219 682 1263 eum
692 1199 869 1282 jaculatus
888 1206 962 1278 est;
989 1219 1134 1281 quarum

187 1299 265 1362 duae
292 1306 461 1382 tempora,
486 1320 557 1364 una
577 1300 724 1364 frontem
749 1301 999 1382 contingentes
1022 1307 1136 1363 cutem

186 1406 222 1462 et
237 1419 374 1463 carnem
389 1402 480 1465 sicut
493 1401 605 1482 ignito
619 1401 773 1465 cauterio
794 1407 1030 1483 penetrarunt,
1043 1399 1135 1464 fora·

187 1518 265 1563 men
280 1501 378 1564 nucis
397 1521 509 1583 capax
525 1499 718 1565 efficientes.
772 1500 839 1565 Illo
861 1500 1134 1582 magnitudinem

187 1598 315 1663 doloris
338 1601 486 1665 clamore
508 1608 671 1678 testante,
687 1605 697 1636 ‘
712 1600 814 1678 Hoe,’
829 1601 942 1683 inquit
963 1608 1133 1679 mortuuS,

188 1700 276 1762 ‘erit
291 1693 345 1763 ¹in
356 1707 390 1764 te
402 1709 570 1782 quantum
580 1700 721 1778 vixeris,
737 1707 773 1764 et
785 1719 966 1783 poenarum
980 1720 1132 1764 mearum

186 1818 292 1880 grave
320 1800 575 1877 documentum,
606 1807 653 1877 et,
684 1801 750 1865 nisi
778 1801 986 1882 neglexeris,
1011 1800 1133 1864 salutis

186 1905 256 1962 tuae
282 1900 456 1981 singulare
484 1902 744 1965 monimentum.
807 1899 1029 1983 Quapropter
1050 1900 1132 1964 dum

185 1997 277 2077 licet,
294 1999 376 2063 dum
391 2007 492 2065 nutat
507 2001 571 2079 ira,
589 2002 670 2065 dum
685 1999 836 2083 pendula
848 1993 962 2063 ²Deus
980 2001 1134 2083 operitur

185 2100 378 2179 clementia,
394 2108 492 2165 muta
505 2100 673 2178 habitum,
688 2108 786 2165 muta
798 2101 964 2178 animum,
979 2099 1134 2163 Redonis

185 2200 374 2264 monachus
388 2201 529 2265 effectus
546 2201 638 2284 apud
652 2209 810 2266 sanctum
826 2198 1041 2265 Melanium.'
1076 2198 1134 2265 Ad

186 2299 261 2363 haec
282 2302 388 2366 verba
410 2303 494 2366 vivo
522 2301 729 2384 respondere
754 2301 905 2378 nolente,
936 2301 1025 2365 alter
1054 2319 1134 2363 eum

186 2400 278 2464 oculi
302 2401 421 2482 vigore
448 2402 696 2485 perstringenti,
723 2400 783 2465 ‘Si
812 2400 959 2465 dubitas'
986 2396 1135 2488 (inquit)

187 2504 197 2533 ‘
210 2503 377 2578 converti,
390 2502 504 2580 miser,
522 2503 598 2584 lege
612 2502 731 2565 literas
748 2502 834 2565 istas
847 2501 868 2580 3’
891 2508 926 2565 et
940 2500 1042 2564 simul
1056 2519 1135 2564 cum

186 2599 279 2665 dicto
304 2622 444 2666 manum
466 2602 633 2685 expandit
653 2601 785 2665 tetricis
804 2601 896 2665 notis
921 2601 1135 2683 inscriptam,

186 2701 222 2763 in
242 2701 367 2784 quibus
383 2702 557 2767 Sathanas
571 2709 606 2766 ct
620 2721 719 2766 omne
734 2701 920 2765 inferorum
934 2701 1135 2765 satellitium

187 2803 317 2882 gratias
335 2803 428 2867 omni
441 2802 673 2868 ecclesiastico
686 2801 794 2865 coetui
808 2801 851 2864 de
865 2800 1014 2865 Tartaro
1037 2801 1136 2864 emit-

188 2903 319 2981 tebant,
337 2904 429 2985 quod
453 2924 531 2967 cum
554 2903 621 2986 ipsi
642 2903 678 2966 in
695 2901 790 2965 nullo
812 2901 885 2964 suis
898 2901 1135 2983 voluptatibus

85 3083 87 3087 .
188 3000 358 3081 deessent,
375 3010 449 3067 tum
467 3010 603 3068 tantum
620 3022 798 3066 numerum
822 3001 1037 3065 subditarum
1060 2999 1135 3064 ani·

187 3121 319 3166 marum
337 3110 539 3186 paterentur
562 3104 606 3167 ad
630 3102 764 3166 inferna
786 3100 991 3165 descendere
1010 3100 1136 3183 praedi-

189 3202 335 3266 cationis
350 3204 493 3282 ineuria,
507 3210 675 3286 quantum
697 3221 873 3284 nunquam
898 3208 1071 3265 retroacta
1083 3200 1136 3263 vi·

189 3300 314 3365 derunt
351 3304 478 3366 secula.
540 3303 608 3367 His
638 3302 739 3365 dictis
770 3301 944 3383 loquentis
975 3306 1137 3382 aspectus

190 3400 381 3483 disparuit3
404 3409 440 3466 et
462 3403 617 3480 audisne,
631 3401 789 3466 omnibus
809 3401 882 3464 suis
897 3420 958 3483 per
973 3400 1137 3464 ecclesias

188 3508 224 3566 et
250 3521 378 3585 egenos
405 3502 610 3580 distributis,
638 3508 798 3565 sanctum
823 3500 1014 3565 Melanium
1039 3499 1136 3577 adiit,

189 3622 310 3666 omnes
334 3601 515 3668 audientes
543 3610 578 3668 et
593 3603 750 3669 videntes
770 3601 813 3665 de
835 3602 951 3665 subita
975 3594 1137 3665 ³conver-

189 3700 285 3767 sione
310 3702 498 3768 admonens
526 3711 567 3768 ut
590 3703 744 3767 dicerent
769 3701 881 3766 ‘Haec
911 3707 965 3765 est
991 3701 1137 3764 mutatio

188 3802 322 3868 dextrae
339 3803 502 3868 Excelsi.’

677 4001 703 4045 te
719 3996 841 4057 operitur,
862 3994 896 4044 A.
917 3994 952 4043 D.
967 3994 1016 4054 L.;
1041 3993 1093 4042 Dei
1114 3997 1139 4042 te

223 4029 233 4061 ¹
246 4032 277 4080 Ia
289 4032 333 4096 ta]
343 4033 367 4081 Ε
375 4033 479 4095 l.;tibi,
490 4031 523 4082 Α.
538 4032 566 4083 S·
578 4033 608 4082 0·
616 4032 651 4082 D·
678 4067 800 4127 operitur,
811 4066 841 4115 S,

191 4104 214 4151 Ε
223 4106 248 4152 2·
260 4103 292 4152 ι·
713 4133 724 4167 ³
737 4134 916 4197 Conuersione]
931 4135 960 4182 C·
971 4133 1007 4182 D·
1017 4134 1065 4190 E.;
1083 4146 1141 4181 ⁰⁰¹1·

227 4241 238 4270 2
246 4243 316 4292 Dm
327 4242 458 4306 operitur]
479 4244 500 4291 C
521 4243 653 4304 amem
679 4207 791 4256 versione
803 4211 829 4256 et
839 4205 933 4256 illustri
943 4203 1140 4263 conversatione,

438 4279 444 4292 '
502 4278 508 4292 '
679 4275 797 4327 ΛΜ.

948 4347 1018 4393 aaa
