2866 4868
354 417 420 484 452
569 432 683 483 onsra
707 432 835 482 ancum
858 430 1072 481 sucronem,
1149 413 1238 498 [mn.
1253 433 1311 480 ιιι.

356 589 571 668 Walkerius,
605 590 734 655 furenti
766 590 955 674 parentelae
984 589 1138 654 defuncti
1168 584 1310 673 ¹legalis

356 691 477 774 placiti
490 685 662 776 judicium
680 692 856 774 opposuit,
874 698 1089 773 protestatus
1116 690 1310 755 Leobinum

357 810 431 855 suae
465 810 672 874 suorumque
702 793 797 855 necis
827 799 1013 854 auctorem.
1067 789 1138 854 Ubi
1165 798 1309 855 ventum

358 891 402 954 ad
416 891 596 974 placitum,
613 892 717 955 nullis
732 890 836 954 effera
853 910 940 972 gens
955 891 1147 955 rationibus
1162 891 1309 956 emolliri

356 992 473 1073 potuit
492 991 576 1074 quin
597 991 633 1054 in
656 991 855 1074 episcopum
881 990 1024 1055 referret
1041 991 1191 1073 culpam,
1214 992 1308 1073 quod

357 1091 478 1154 ambos
499 1090 688 1155 homicides
711 1091 747 1154 in
764 1092 859 1156 curie
874 1091 950 1174 ejus
968 1098 1049 1173 post
1068 1110 1186 1177 necem
1203 1090 1311 1153 Liulfi

357 1190 573 1255 familiariter
581 1191 774 1256 diversatos
791 1191 971 1255 vidissent.
1011 1191 1211 1255 Surrectum
1225 1210 1309 1272 ergo

357 1290 393 1353 in
420 1290 587 1354 clamores
613 1298 648 1355 et
669 1290 762 1371 iras3
785 1298 821 1355 et
836 1289 1055 1355 Gislebertus
1081 1289 1123 1353 de
1149 1289 1308 1366 ecclesia,

357 1389 394 1453 in
412 1411 482 1474 qua
497 1410 575 1454 cum
591 1392 753 1474 episcopo
776 1390 925 1468 sederat,
943 1389 1036 1454 ultro
1059 1390 1250 1471 egrediens
1268 1399 1309 1455 ut
1336 1400 1341 1411 '

358 1509 421 1554 suo
439 1491 592 1574 periculo
609 1492 718 1555 vitam
735 1490 865 1554 domini
887 1497 1109 1567 mercaretur,
1125 1491 1229 1573 impie
1251 1511 1308 1554 oc-

358 1591 460 1654 cisus,
511 1590 600 1653 Tum
618 1591 759 1674 praesul,
776 1610 848 1674 prae
861 1590 981 1675 januis
999 1610 1120 1674 pacem
1136 1596 1307 1672 praetento

358 1711 455 1754 ramo
473 1690 630 1768 offerere,
648 1692 778 1754 rabiem
792 1690 891 1772 vulgi
904 1689 1060 1774 explevit
1081 1691 1306 1756 interemtus:

358 1791 467 1856 fomes
491 1792 595 1854 etiam
618 1792 700 1855 mali
718 1791 894 1855 Leobinus
920 1789 1195 1866 semiustulatus
1215 1790 1309 1872 quod

359 1893 427 1956 nisi
444 1891 589 1957 ecclesia
605 1899 758 1955 cremata
775 1892 871 1955 exire
886 1891 1037 1967 nolebat,
1055 1890 1201 1953 exiliens
1214 1889 1309 1955 mille

359 1992 490 2055 lanceis
512 1999 679 2075 exceptus
702 1999 767 2056 est.
819 1989 1030 2055 Praedictum
1045 1990 1080 2053 id
1097 1991 1141 2053 ab
1155 1988 1309 2072 Edgitha

359 2092 482 2155 relicta
497 2093 589 2172 regis
607 2091 789 2170 Edwardi;
809 2110 891 2154 nam
905 2111 982 2154 cum
999 2089 1080 2154 olim
1089 2089 1308 2155 Walkerium

359 2191 506 2256 vidisset
522 2191 711 2256 Wintoniae
744 2191 788 2255 ad
821 2190 1093 2255 consecrandum
1120 2190 1212 2268 duci,
1241 2210 1308 2255 cae-

360 2293 450 2355 sarie
467 2290 664 2369 lacteolum,
682 2292 783 2356 vultu
805 2310 955 2368 roseum,
975 2297 1111 2354 statura
1132 2308 1310 2373 praegran-

360 2391 450 2469 dem,
476 2390 689 2455 ‘Pulchrum
712 2390 791 2469 hio‚'
809 2392 871 2468 ait,
886 2397 1096 2474 ‘martyrem
1117 2390 1308 2468 habemus)

360 2492 560 2575 conjectura
577 2492 737 2556 videlicet
752 2491 965 2555 immodestae
983 2491 1133 2555 nationis
1152 2490 1196 2554 ad
1218 2510 1308 2574 prae-

197 2609 253 2650 ιι).
264 2611 321 2651 roe.
360 2591 563 2673 sagiendum
580 2592 734 2656 inducta.
773 2591 949 2656 Successit
965 2592 997 2654 ei
1013 2584 1230 2655 ²Willelmus
1247 2592 1308 2654 ab·

359 2692 422 2754 bas
451 2691 563 2756 sancti
594 2690 745 2770 carilefi,
771 2693 830 2774 qui
858 2690 1044 2756 monachos
1069 2692 1106 2754 in
1134 2690 1309 2755 Du'nelmo

358 2793 487 2874 posuit.

197 2911 364 2951 eameram.
419 2893 528 2977 5272.
560 2892 750 2970 Praeterea,
783 2912 874 2956 anno
905 2899 1090 2975 antequam
1124 2892 1309 2955 moriretur

196 2972 339 3002 murreum.
359 2993 533 3076 proxim,
565 2993 760 3058 m0rtalitas
792 2993 969 3056 hominum
1002 2998 1037 3055 et
1058 2991 1308 3075 jumentorum,

359 3094 413 3157 vis
446 3100 690 3176 tempestatum
723 3092 898 3175 frequens,
924 3091 1091 3155 violentia
1118 3091 1307 3174 fulgurum,

272 3194 275 3201 '
360 3201 527 3276 quantem
557 3213 658 3258 nemo
690 3193 838 3270 viderat,
867 3212 968 3256 nemo
1000 3191 1168 3256 audierat.
1239 3191 1307 3256 Illo

360 3313 498 3379 quoque
524 3313 615 3358 anno
642 3313 711 3376 quo
737 3294 835 3370 obiit,
852 3293 1051 3376 promiscua
1076 3291 1181 3355 febris
1209 3291 1306 3375 plus·

360 3413 464 3477 quam
487 3394 662 3459 dimidiam
684 3403 819 3478 partem
845 3393 955 3476 plebis
980 3392 1137 3476 depasta,
1160 3393 1246 3456 adeo
1269 3399 1309 3456 ut

358 3493 475 3577 plures
492 3495 755 3558 incommoditas
771 3493 882 3557 morbi
907 3494 1150 3574 extingueret;
1173 3492 1308 3571 deinde,

358 3614 422 3676 pro
445 3595 646 3678 intemperie
670 3594 905 3672 aeris,.fames
931 3594 1118 3657 subsecuta
1134 3592 1240 3675 vulgo
1261 3594 1308 3656 ir·

393 3820 403 3851 ¹
414 3821 515 3883 Legalis
523 3821 610 3884 placiti
615 3820 738 3883 judicium
749 3837 821 3886 oppo-
845 3821 961 3870 secrated
973 3821 1063 3882 bishop
1077 3820 1106 3869 of
1119 3820 1235 3869 Durbam
1247 3820 1308 3870 Jan.

358 3890 429 3952 ruit]
450 3891 728 3941 Walkeriueofferedto
739 3906 820 3954 purge
847 3894 871 3953 3,
889 3895 962 3953 1⁰82,
978 3890 1038 3939 held
1050 3890 1093 3940 the
1107 3890 1178 3939 office
1197 3889 1227 3939 of
1242 3891 1313 3939 chief

358 3961 462 4011 himself
480 3963 515 4023 by
533 3962 592 4010 oath
608 3961 671 4010 from
689 3963 724 4010 all
740 3963 818 4024 parti-
840 3961 935 4023 justice
944 3961 973 4010 of
981 3961 1099 4022 Englend
1107 3961 1189 4009 under
1195 3960 1308 4009 William

358 4034 470 4095 cipation
490 4033 516 4079 in
538 4031 581 4080 the
602 4031 712 4083 murder.
738 4032 818 4098 (Flor.
843 4031 886 4080 the
898 4032 1052 4092 Conqueror.
1089 4032 1132 4081 He
1148 4045 1203 4079 was
1220 4032 1309 4080 driven

358 4102 556 4224 wiggllldmlds
566 4099 735 4222 differendi
747 4171 819 4221 Cari·
842 4101 906 4221 {iffi
923 4102 966 4232 lbi}
981 4099 1117 4220 sevpssll'pgma
1133 4100 1309 4222 ffdflldemalrld

356 4243 587 4310 efluwummee
599 4242 748 4307 norepno,
760 4212 1096 4305 condemnaremus.
1219 4207 1228 4235 '
