2866 4868
189 400 349 482 uranu]
474 413 648 463 ersroanr
671 415 849 463 novumn.
1071 405 1135 471 751

188 666 363 725 QUOMODO
386 667 502 715 COMES
525 664 834 715 enoucusraunsls
858 666 1030 715 LEGATUM
1049 667 1137 715 coN-

239 766 399 814 VENERIT
416 768 492 816 CUM
510 767 759 815 lMPERATRlGE
776 767 820 814 ΕΤ
836 767 1134 817 GOADJUTORIBUS

238 864 330 914 suls.

240 971 326 1055 §bb
358 972 416 1039 Ad
440 972 505 1038 hos
528 981 654 1050 motus,
670 973 701 1036 si
724 980 855 1055 posset,
877 974 1133 1056 componendos
1145 993 1199 1084 ἐξ]
1200 994 1256 1084 gp
1252 994 1278 1084 2¹

188 1091 303 1137 comos
331 1072 603 1138 Gloecestrensis
630 1092 700 1137 non
723 1073 809 1138 adeo
833 1073 942 1137 denso
968 1073 1133 1137 comitatu
1145 1099 1278 1144 attempero

189 1171 403 1238 Wintoniam
428 1172 625 1253 contendit;
647 1173 708 1236 sed
730 1191 768 1235 re
788 1172 916 1236 infecta
932 1172 976 1236 ad
997 1173 1135 1238 Oxene-
1145 1145 1292 1236 &liliisne

187 1272 264 1339 sord
281 1274 394 1350 rediit,
408 1273 469 1336 ubi
482 1293 582 1337 soror
594 1273 725 1337 stativa
737 1273 916 1336 mansione
928 1272 1133 1357 jamdudum

162 1399 163 1402 ¹
187 1391 226 1436 se
247 1375 477 1437 continuerat.
529 1372 615 1455 Ipsa
627 1373 758 1454 itaque,
773 1377 808 1437 et
822 1391 867 1436 ex
883 1372 938 1435 bis
956 1392 1035 1454 quae
1050 1393 1134 1437 con·

188 1473 284 1536 tinue
310 1472 472 1537 audiebat
496 1479 532 1537 et
560 1492 581 1536 a
605 1471 712 1535 fratre
738 1478 821 1537 tunc
843 1473 1020 1554 cognovit,
1048 1472 1134 1536 nihil

186 1571 340 1652 legatum
369 1572 474 1637 molle
498 1571 543 1636 ed
574 1591 656 1636 suas
686 1578 803 1654 partes
826 1573 982 1654 cogitare
1006 1572 1133 1636 intelli·

188 1691 286 1752 gens,
313 1671 530 1737 Wintouiam
555 1692 633 1736 cum
660 1678 792 1753 quanto
820 1673 935 1754 potuit
963 1679 1134 1754 apparatu

187 1772 295 1837 venit.
347 1771 424 1837 Illic
441 1773 535 1837 intra
548 1771 727 1837 castellum
743 1773 878 1853 regium
896 1772 969 1835 sine
992 1778 1134 1836 cuncta·

189 1871 283 1935 tione
303 1879 453 1954 recepta,
475 1872 568 1936 bona
588 1871 736 1936 forsitan
759 1877 875 1936 monte
901 1891 965 1954 per
988 1872 1134 1936 nuncios

191 1971 390 2053 episcopum
413 1972 586 2049 convenit,
601 1978 653 2049 ut,
667 1971 751 2054 quia
770 1971 848 2054 ipsa
871 1990 1025 2054 praesens
1047 1979 1134 2050 erat,

189 2090 258 2134 non
281 2071 506 2153 pigritaretur
531 2070 575 2134 ad
598 2091 674 2135 eam
690 2072 828 2136 venire:
851 2071 923 2149 ille,
943 2091 1014 2136 non
1043 2072 1133 2135 inte-

187 2188 286 2251 grum
304 2171 370 2234 sibi
391 2171 464 2236 fore
481 2171 669 2236 arbitratus
691 2171 721 2234 si
734 2172 879 2248 veniret,
895 2170 1056 2252 ambiguo
1079 2190 1134 2234 re·

187 2288 314 2352 sponso
341 2272 486 2335 nuncios
515 2270 631 2348 elusit,
656 2269 722 2336 hoc
744 2264 877 2336 ¹tamen
900 2271 1018 2347 verbo,
1035 2271 1133 2352 ‘Ego

186 2371 316 2451 parabo
333 2388 388 2434 me
399 2371 421 2450 ς’
436 2371 623 2454 statimque
645 2378 785 2454 propter
800 2387 919 2434 omnes
935 2369 1031 2432 misit
1045 2389 1133 2452 quos

186 2471 260 2552 regi
274 2463 449 2535 ²fauturos
475 2470 618 2534 sciebat.
670 2470 851 2547 Venerunt
866 2487 949 2550 ergo
967 2468 1038 2532 sere
1059 2490 1133 2533 om·

187 2588 248 2633 nes
262 2571 405 2638 comites
419 2569 581 2652 Angliee3
597 2576 697 2633 erant
711 2569 803 2633 enim
811 2569 959 2653 juvenes
975 2577 1011 2633 et
1025 2569 1133 2648 leuce,

186 2658 295 2752 etqui
310 2670 454 2735 mallent
474 2670 727 2752 equitationum
747 2669 924 2734 discursus
940 2688 1045 2753 quam
1069 2689 1132 2751 pa·

187 2787 272 2834 cem.
325 2769 501 2834 Praeterea
520 2769 635 2851 plures
657 2769 807 2846 illorum,
821 2769 956 2833 confusi
973 2769 1055 2851 quia
1077 2788 1132 2832 re-

186 2887 266 2950 gem
287 2869 487 2945 bellantem,
501 2874 542 2931 ut
562 2869 721 2950 superius
740 2869 871 2932 dictum
893 2874 958 2945 est,
972 2868 1132 2931 deserue-

187 2975 279 3046 rant,
294 2975 468 3033 conventu
488 2968 548 3032 illo
570 2968 662 3050 sugee
683 2986 756 3031 suae
780 2967 1002 3049 opprobrium
1024 2966 1131 3030 lenire

186 3069 412 3132 conabantur.
464 3067 573 3131 Pauci
586 3087 670 3132 vero
683 3087 762 3131 cum
775 3066 994 3148 imperatrice
1009 3058 1131 3130 ³vene·

187 3173 284 3233 rant:
307 3187 372 3231 rex
394 3166 522 3232 Scotiee
545 3166 674 3245 David,
698 3165 874 3231 Robertus
897 3184 1010 3231 comes
1027 3164 1132 3229 Gloe-

186 3273 321 3344 cestrae,
331 3266 419 3331 Milo
427 3266 471 3330 de
481 3265 666 3344 Heroford,
682 3273 717 3329 et
724 3267 872 3331 barones
884 3253 1006 3349 pauci3
1023 3264 1132 3328 Rein·

186 3365 302 3431 nulfus
330 3359 439 3430 ⁴enirn
460 3385 574 3430 comes
601 3364 746 3430 Cestriae
775 3365 874 3438 tarde
898 3372 933 3429 et
963 3362 1132 3427 inutiliter

184 3464 338 3531 advenit.
390 3465 441 3530 Ut
467 3485 549 3547 ergo
569 3484 732 3547 magnam
745 3465 878 3535 'scriem
901 3483 1015 3527 rerum
1036 3463 1132 3528 brevi

185 3567 367 3630 verborum
385 3565 588 3647 compendio
610 3565 799 3647 explicem:
824 3583 845 3627 a
867 3563 999 3644 regina,
1017 3568 1053 3625 et
1073 3582 1132 3626 co·

185 3665 327 3729 mitibus
344 3664 404 3749 qui
419 3670 597 3742 venerant,
611 3665 764 3748 undique
784 3664 878 3736 foras
902 3680 1019 3727 muros
1033 3661 1132 3726 Win·

185 3765 290 3829 toniee
315 3766 508 3829 observatae
534 3771 617 3828 sunt
632 3765 712 3842 viee,
737 3784 781 3827 ne
796 3761 963 3834 victualia
984 3762 1133 3843 impora-

220 3989 229 4022 ¹
243 3991 352 4055 Tama]
375 3992 425 4052 E.;
441 3996 549 4055 tanturn,
566 3993 595 4043 S.
613 3993 648 4042 D.
707 3989 718 4022 ³
733 3987 876 4060 Venerunt]
900 3993 933 4042 Ε.
950 3990 1006 4041 La
1016 4005 1024 4052 ;
1045 4005 1136 4040 conre-

185 4061 241 4110 L2.
323 4110 326 4115 Δ
673 4067 770 4121 nerant,
780 4062 809 4110 S.
821 4062 855 4110 D.

183 4129 383 4250 dilecturos]
396 4132 428 4183 Ε.
437 4146 446 4193 ;
454 4131 576 4194 fautores,
583 4132 648 4182 ab.
674 4202 697 4250 L
703 4130 719 4250 ἑ
734 4131 827 4194 Enim]
845 4132 873 4181 S.
885 4131 921 4180 D.
928 4145 936 4191 ;
949 4130 1052 4180 omitted
1064 4131 1090 4178 in
1102 4129 1134 4179 Ε.
