2866 4868
119 429 234 505 ¹rna.
254 412 321 494 1v.]
395 429 508 478 cusrn
528 429 655 478 aucun
678 428 893 477 ancnonuu.
1046 413 1111 478 583

162 586 306 650 cessitas
324 607 393 669 qna
414 586 597 669 intercepti
622 594 722 650 erant
737 586 836 663 aluit,
850 593 886 649 et
899 586 1109 651 ministravit
1121 611 1217 672 nnana

162 686 362 768 audaciam3
389 695 425 752 et
446 689 548 771 pauci
562 695 723 770 terraque
740 687 895 769 marique
910 687 1109 751 innumeras
1120 663 1270 754 illeblfflm'

162 788 356 851 sustinuere
377 807 512 852 manus.
566 786 738 870 Namque,
761 795 801 850 ut
814 789 924 852 visum
947 795 1001 851 est
1022 789 1108 852 satis

162 894 291 952 metum
316 888 469 966 finxisse,
493 887 656 951 confertis
677 886 854 951 ordinibus
876 894 912 951 et
934 890 1108 952 conversis

161 988 270 1069 signis
283 989 441 1052 inimicos
452 989 527 1072 jam
534 987 677 1071 jamque
687 988 904 1051 incursantes
915 987 1106 1069 includere3

160 1087 211 1151 ita
224 1107 326 1153 versa
348 1109 461 1152 rerum
485 1089 586 1166 facie,
609 1088 668 1170 qui
683 1088 839 1152 vicerant
853 1088 948 1166 victi,
973 1096 1007 1153 et
1022 1090 1106 1154 victi

161 1187 256 1252 fuere
267 1190 428 1254 victores.
476 1188 584 1252 Turci
600 1187 794 1269 perniciosa
809 1187 905 1252 clade
922 1190 1104 1270 prostrati;
1118 1209 1249 1250 seranna

160 1289 284 1372 reliqui
305 1289 351 1353 ad
373 1309 481 1353 naves
503 1289 674 1372 praecipiti
696 1289 811 1352 studio
828 1288 1013 1369 fugientes,
1028 1260 1194 1352 cumTuffl'

159 1388 196 1452 in
213 1388 321 1453 altum
336 1390 415 1472 plus
427 1389 526 1473 jactu
543 1388 684 1471 sagittae
699 1389 960 1471 processissent,
978 1389 1028 1452 ita
1042 1408 1105 1452 na-

158 1489 289 1571 vigium
303 1491 406 1554 remis
428 1498 463 1554 et
484 1491 568 1554 totis
591 1489 788 1571 pectoribus
803 1488 914 1551 innixi
935 1489 1106 1570 propelle-

158 1589 256 1668 bant,
268 1591 369 1674 quasi
384 1591 544 1654 manibus
554 1589 829 1654 adversariorum
845 1589 890 1651 ad
904 1596 1031 1652 terram
1047 1609 1101 1653 re-

158 1689 250 1754 trahi
263 1698 416 1774 possent.
459 1691 507 1755 Et
520 1697 560 1762 ut
573 1689 777 1754 miraculum
792 1709 862 1752 non
879 1689 969 1752 sicut
983 1690 1103 1771 opina-

156 1789 226 1854 bile
247 1791 395 1869 dubites,
412 1792 472 1855 sed
494 1792 585 1855 sicut
602 1790 736 1855 visibile
753 1789 1003 1871 quodammodo
1026 1790 1103 1871 pal·

156 1908 230 1972 pes,
257 1892 472 1956 solummodo
494 1898 644 1974 quatuor
667 1889 855 1953 Christiani
880 1888 1006 1952 milites
1035 1889 1103 1952 susi

156 1991 337 2056 victoriam
362 1993 498 2057 caeteris
512 1992 680 2073 sanguine
698 2009 860 2073 peperere
877 2007 952 2051 suo.
1006 1987 1103 2066 Qua·

157 2099 299 2175 propter
328 2093 492 2156 confirmo
518 2091 609 2174 quod
636 2109 812 2172 nunquam
839 2087 1056 2153 Christicolae
1082 2109 1104 2152 a
1144 2080 1146 2084 '

158 2190 312 2274 Paganis
327 2193 546 2258 vincerentur
561 2192 591 2255 si
608 2197 689 2254 ante
716 2190 844 2253 bellum
868 2189 1104 2253 fortitudinem

157 2311 256 2355 snam
280 2293 479 2357 coelestibus
507 2292 667 2356 fulcirent
690 2290 870 2372 praesidiis,
893 2297 929 2352 et
951 2289 987 2351 in
1013 2289 1103 2353 bello

155 2393 261 2458 armis
292 2394 364 2457 suis
392 2393 522 2457 amicas
554 2410 756 2473 superorum
786 2390 1002 2472 applicarent
1032 2389 1103 2452 vir-

157 2499 268 2574 tutes3
292 2493 353 2557 sed
376 2494 458 2576 quia
482 2492 518 2555 in
537 2511 623 2575 pace
646 2491 803 2554 omnibus
826 2509 863 2553 se
885 2490 1104 2571 ingurgitant

158 2592 310 2676 flagitiis,
327 2595 413 2658 etin
427 2611 545 2677 pugna
567 2591 643 2655 sola
664 2591 821 2654 nituntur
841 2590 998 2665 audacia,
1013 2589 1103 2665 ideo,

157 2713 220 2757 nec
242 2694 426 2771 immerito,
441 2692 642 2757 multotiens
665 2690 830 2754 fortitudo
853 2697 971 2752 eorum
987 2689 1103 2752 deviat

156 2813 179 2858 a
194 2795 286 2859 bona
301 2795 452 2859 fortuna.
472 2788 474 2793 ’
505 2792 630 2856 Comes
655 2810 738 2872 ergo
762 2788 905 2872 pulchro
929 2788 1103 2869 triumpho

156 2896 332 2972 exultans,
346 2914 424 2958 curn
447 2911 605 2957 reversus
628 2897 720 2954 esset
736 2890 780 2954 ad
801 2888 912 2970 spolia
935 2908 1103 2952 caesorum

156 2994 381 3072 detrahenda,
405 3013 476 3057 non
501 3009 630 3075 paucos
654 2990 789 3054 Tarcos
816 2988 958 3052 offendit
983 2989 1102 3067 vivos;

157 3113 244 3176 quos
264 3095 381 3159 damni
398 3112 580 3176 corporum
602 3092 784 3165 immunes
799 3089 859 3152 sed
879 3087 1035 3170 pecuniis
1050 3089 1103 3150 in·

157 3212 254 3271 anes,
283 3194 423 3258 dimisit.
476 3192 558 3275 Ipse
582 3211 660 3255 curn
684 3190 768 3265 suis,
797 3209 840 3251 ne
866 3188 984 3268 aliqua
1008 3188 1103 3250 fraus

156 3291 293 3379 lateret,
318 3302 411 3359 retro
438 3292 612 3367 secedens,
636 3297 736 3354 nocte
762 3288 823 3351 illa
846 3288 909 3350 sub
934 3287 1104 3350 olivarum

156 3393 319 3476 virgultis
335 3393 525 3476 requievit:
550 3391 609 3455 sed
630 3410 712 3453 mox
728 3388 879 3451 diluculo
896 3406 974 3450 cum
997 3407 1103 3468 expe·

158 3492 239 3558 ditis
265 3494 309 3558 ad
331 3493 512 3576 angustias
534 3491 692 3565 accessit,
717 3488 784 3552 fide
809 3487 948 3551 oculata
966 3488 1103 3551 visurus

158 3591 225 3657 loci
240 3602 421 3673 naturam3
444 3591 657 3673 intuitusque
675 3589 791 3653 omnia
806 3594 884 3652 tuta
901 3606 988 3662 esse,
1005 3585 1103 3671 (nam

157 3692 263 3758 Turci
282 3695 342 3777 qui
364 3693 475 3777 pridie
497 3693 588 3755 circa
610 3697 760 3753 montem
777 3687 986 3750 discursibus
1000 3685 1102 3748 lasci·

155 3794 304 3872 vierant,
333 3801 434 3858 nocte
471 3794 690 3874 intempesta,
721 3788 815 3851 caede
847 3805 987 3849 suorum
1015 3785 1103 3860 visa,

157 3913 276 3957 omnes
299 3888 537 3976 diffugerant)
552 3889 802 3972 significatione
825 3886 909 3949 fumi
930 3885 1034 3962 sacta,
1058 3885 1105 3947 si-

157 4000 217 4057 cut
239 4000 460 4069 convenerat,
489 3991 592 4056 sociis
621 3989 808 4051 discessum
839 3986 991 4048 hostium
1013 3986 1105 4070 *inti-

158 4095 279 4158 mavit.
333 4093 404 4169 Illi,
421 4112 594 4156 morarum
611 4088 758 4152 vinculis
782 4086 962 4161 absolutis
985 4085 1106 4147 ducem

158 4196 323 4259 continuo
345 4193 464 4257 secuti.
517 4191 616 4253 Tunc
635 4188 745 4253 Beriti
771 4186 960 4249 admiratus
976 4184 1106 4247 victum

914 4301 930 4346 2
943 4298 986 4344 02
