<?xml version="1.0" encoding="UTF-8"?>
<!DOCTYPE html PUBLIC "-//W3C//DTD XHTML 1.0 Transitional//EN"
    "http://www.w3.org/TR/xhtml1/DTD/xhtml1-transitional.dtd">
<html xmlns="http://www.w3.org/1999/xhtml" xml:lang="en" lang="en">
 <head>
  <title>
</title>
<meta http-equiv="Content-Type" content="text/html;charset=utf-8" />
  <meta name='ocr-system' content='tesseract 3.04.00' />
  <meta name='ocr-capabilities' content='ocr_page ocr_carea ocr_par ocr_line ocrx_word'/>
</head>
<body>
  <div class='ocr_page' id='page_1' title='image "./gestaregumanglo00willgoog_0071.png"; bbox 0 0 2866 4868; ppageno 0'>
   <div class='ocr_carea' id='block_1_1' title="bbox 363 402 1324 490">
    <p class='ocr_par' dir='ltr' id='par_1_1' title="bbox 363 402 1324 490">
     <span class='ocr_line' id='line_1_1' title="bbox 363 402 1324 490; baseline 0.002 -21"><span class='ocrx_word' id='word_1_1' title='bbox 363 403 430 469; x_wconf 79' lang='grc'><strong>448</strong></span> <span class='ocrx_word' id='word_1_2' title='bbox 584 421 699 470; x_wconf 78' lang='lat' dir='ltr'><strong>orsvn</strong></span> <span class='ocrx_word' id='word_1_3' title='bbox 723 421 851 470; x_wconf 76' lang='lat' dir='ltr'><strong>rreum</strong></span> <span class='ocrx_word' id='word_1_4' title='bbox 874 420 1090 470; x_wconf 78' lang='lat' dir='ltr'><strong>nxenonuu.</strong></span> <span class='ocrx_word' id='word_1_5' title='bbox 1155 402 1244 490; x_wconf 84' lang='lat' dir='ltr'><strong>[ms.</strong></span> <span class='ocrx_word' id='word_1_6' title='bbox 1263 422 1324 471; x_wconf 90' lang='lat'>111.</span> 
     </span>
    </p>
   </div>
   <div class='ocr_carea' id='block_1_2' title="bbox 306 577 1409 3640">
    <p class='ocr_par' dir='ltr' id='par_1_2' title="bbox 362 577 1320 2060">
     <span class='ocr_line' id='line_1_2' title="bbox 362 577 1320 662; baseline 0.002 -18"><span class='ocrx_word' id='word_1_7' title='bbox 362 577 540 644; x_wconf 86' lang='lat' dir='ltr'><strong>verentius</strong></span> <span class='ocrx_word' id='word_1_8' title='bbox 569 597 607 642; x_wconf 88' lang='lat' dir='ltr'><strong>se</strong></span> <span class='ocrx_word' id='word_1_9' title='bbox 629 587 761 662; x_wconf 85' lang='lat' dir='ltr'><strong>ageret,</strong></span> <span class='ocrx_word' id='word_1_10' title='bbox 787 586 932 662; x_wconf 80' lang='lat' dir='ltr'>cogente</span> <span class='ocrx_word' id='word_1_11' title='bbox 959 580 1083 644; x_wconf 88' lang='lat' dir='ltr'><strong>ultima</strong></span> <span class='ocrx_word' id='word_1_12' title='bbox 1106 581 1320 646; x_wconf 85' lang='lat' dir='ltr'><strong>necessitate</strong></span> 
     </span>
     <span class='ocr_line' id='line_1_3' title="bbox 363 678 1317 763; baseline 0.001 -20"><span class='ocrx_word' id='word_1_13' title='bbox 363 678 575 761; x_wconf 82' lang='lat' dir='ltr'>degradatus</span> <span class='ocrx_word' id='word_1_14' title='bbox 603 686 668 744; x_wconf 87' lang='lat' dir='ltr'><strong>est.</strong></span> <span class='ocrx_word' id='word_1_15' title='bbox 722 680 855 744; x_wconf 89' lang='lat' dir='ltr'><strong>Ferunt</strong></span> <span class='ocrx_word' id='word_1_16' title='bbox 879 679 1019 763; x_wconf 91' lang='lat' dir='ltr'><strong>quidam</strong></span> <span class='ocrx_word' id='word_1_17' title='bbox 1050 699 1126 744; x_wconf 89' lang='lat' dir='ltr'><strong>esse</strong></span> <span class='ocrx_word' id='word_1_18' title='bbox 1149 698 1317 744; x_wconf 86' lang='lat' dir='ltr'><strong>arcanam</strong></span> 
     </span>
     <span class='ocr_line' id='line_1_4' title="bbox 364 778 1320 863; baseline 0.003 -20"><span class='ocrx_word' id='word_1_19' title='bbox 364 780 591 863; x_wconf 85' lang='lat' dir='ltr'><strong>depositionis</strong></span> <span class='ocrx_word' id='word_1_20' title='bbox 619 799 785 859; x_wconf 84' lang='lat' dir='ltr'><strong>causam3</strong></span> <span class='ocrx_word' id='word_1_21' title='bbox 826 780 1021 857; x_wconf 90' lang='lat' dir='ltr'><strong>Matildem,</strong></span> <span class='ocrx_word' id='word_1_22' title='bbox 1048 799 1153 863; x_wconf 92' lang='lat' dir='ltr'><strong>quam</strong></span> <span class='ocrx_word' id='word_1_23' title='bbox 1176 778 1320 846; x_wconf 92' lang='lat' dir='ltr'><strong>Willel·</strong></span> 
     </span>
     <span class='ocr_line' id='line_1_5' title="bbox 364 879 1316 962; baseline -0.001 -18"><span class='ocrx_word' id='word_1_24' title='bbox 364 898 441 944; x_wconf 89' lang='lat' dir='ltr'><strong>mus</strong></span> <span class='ocrx_word' id='word_1_25' title='bbox 468 886 662 962; x_wconf 88' lang='lat' dir='ltr'><strong>acceperat,</strong></span> <span class='ocrx_word' id='word_1_26' title='bbox 688 880 882 962; x_wconf 85' lang='lat' dir='ltr'><strong>proximam</strong></span> <span class='ocrx_word' id='word_1_27' title='bbox 907 881 973 943; x_wconf 91' lang='lat' dir='ltr'><strong>sibi</strong></span> <span class='ocrx_word' id='word_1_28' title='bbox 999 880 1169 962; x_wconf 82' lang='lat' dir='ltr'><strong>sanguine</strong></span> <span class='ocrx_word' id='word_1_29' title='bbox 1195 879 1316 946; x_wconf 87' lang='lat' dir='ltr'><strong>fuisse.</strong></span> 
     </span>
     <span class='ocr_line' id='line_1_6' title="bbox 365 978 1318 1062; baseline 0.002 -19"><span class='ocrx_word' id='word_1_30' title='bbox 365 979 420 1057; x_wconf 93' lang='lat' dir='ltr'><strong>Id,</strong></span> <span class='ocrx_word' id='word_1_31' title='bbox 439 978 647 1044; x_wconf 74' lang='lat' dir='ltr'><strong>Christianae</strong></span> <span class='ocrx_word' id='word_1_32' title='bbox 665 978 745 1042; x_wconf 88' lang='lat' dir='ltr'><strong>fidei</strong></span> <span class='ocrx_word' id='word_1_33' title='bbox 762 980 848 1058; x_wconf 85' lang='lat' dir='ltr'><strong>zelo,</strong></span> <span class='ocrx_word' id='word_1_34' title='bbox 864 980 1074 1062; x_wconf 86' lang='lat' dir='ltr'><strong>Malgerium</strong></span> <span class='ocrx_word' id='word_1_35' title='bbox 1091 1000 1161 1045; x_wconf 91' lang='lat' dir='ltr'><strong>non</strong></span> <span class='ocrx_word' id='word_1_36' title='bbox 1179 980 1318 1059; x_wconf 89' lang='lat' dir='ltr'><strong>tulisse,</strong></span> 
     </span>
     <span class='ocr_line' id='line_1_7' title="bbox 363 1077 1319 1161; baseline 0.002 -18"><span class='ocrx_word' id='word_1_37' title='bbox 363 1077 404 1144; x_wconf 83' lang='lat' dir='ltr'><strong>&#39;ut</strong></span> <span class='ocrx_word' id='word_1_38' title='bbox 426 1080 686 1161; x_wconf 82' lang='lat' dir='ltr'><strong>consanguineo</strong></span> <span class='ocrx_word' id='word_1_39' title='bbox 711 1079 816 1143; x_wconf 90' lang='lat' dir='ltr'><strong>cubili</strong></span> <span class='ocrx_word' id='word_1_40' title='bbox 846 1080 1063 1160; x_wconf 82' lang='lat' dir='ltr'><strong>fruerentur3</strong></span> <span class='ocrx_word' id='word_1_41' title='bbox 1096 1079 1219 1143; x_wconf 88' lang='lat' dir='ltr'><strong>sedin</strong></span> <span class='ocrx_word' id='word_1_42' title='bbox 1254 1100 1319 1145; x_wconf 93' lang='lat' dir='ltr'><strong>ne-</strong></span> 
     </span>
     <span class='ocr_line' id='line_1_8' title="bbox 364 1179 1318 1265; baseline 0 -21"><span class='ocrx_word' id='word_1_43' title='bbox 364 1184 481 1262; x_wconf 83' lang='lat' dir='ltr'><strong>potem</strong></span> <span class='ocrx_word' id='word_1_44' title='bbox 505 1186 540 1243; x_wconf 92' lang='lat' dir='ltr'><strong>et</strong></span> <span class='ocrx_word' id='word_1_45' title='bbox 555 1198 751 1262; x_wconf 86' lang='lat' dir='ltr'><strong>comparem</strong></span> <span class='ocrx_word' id='word_1_46' title='bbox 774 1180 1140 1244; x_wconf 85' lang='lat' dir='ltr'><strong>excommunicationis</strong></span> <span class='ocrx_word' id='word_1_47' title='bbox 1155 1179 1318 1265; x_wconf 88' lang='lat' dir='ltr'><strong>jaculum</strong></span> 
     </span>
     <span class='ocr_line' id='line_1_9' title="bbox 363 1278 1317 1345; baseline 0.002 -2"><span class='ocrx_word' id='word_1_48' title='bbox 363 1280 565 1343; x_wconf 87' lang='lat' dir='ltr'><strong>intentasse.</strong></span> <span class='ocrx_word' id='word_1_49' title='bbox 623 1278 682 1343; x_wconf 92' lang='lat' dir='ltr'><strong>Ita</strong></span> <span class='ocrx_word' id='word_1_50' title='bbox 713 1298 791 1342; x_wconf 92' lang='lat' dir='ltr'><strong>cum</strong></span> <span class='ocrx_word' id='word_1_51' title='bbox 824 1281 886 1344; x_wconf 86' lang='lat' dir='ltr'><strong>irae</strong></span> <span class='ocrx_word' id='word_1_52' title='bbox 920 1279 1150 1344; x_wconf 87' lang='lat' dir='ltr'><strong>adolescentis</strong></span> <span class='ocrx_word' id='word_1_53' title='bbox 1179 1281 1317 1345; x_wconf 84' lang='lat' dir='ltr'><strong>uxoriae</strong></span> 
     </span>
     <span class='ocr_line' id='line_1_10' title="bbox 365 1378 1319 1463; baseline 0.003 -22"><span class='ocrx_word' id='word_1_54' title='bbox 365 1378 515 1462; x_wconf 88' lang='lat' dir='ltr'><strong>querelae</strong></span> <span class='ocrx_word' id='word_1_55' title='bbox 537 1378 752 1457; x_wconf 87' lang='lat' dir='ltr'><strong>accederent,</strong></span> <span class='ocrx_word' id='word_1_56' title='bbox 772 1380 991 1462; x_wconf 82' lang='lat' dir='ltr'><strong>excogitatas</strong></span> <span class='ocrx_word' id='word_1_57' title='bbox 1014 1380 1213 1444; x_wconf 86' lang='lat' dir='ltr'><strong>occasiones</strong></span> <span class='ocrx_word' id='word_1_58' title='bbox 1239 1380 1319 1463; x_wconf 91' lang='lat' dir='ltr'><strong>qui-</strong></span> 
     </span>
     <span class='ocr_line' id='line_1_11' title="bbox 364 1479 1320 1563; baseline 0.002 -20"><span class='ocrx_word' id='word_1_59' title='bbox 364 1481 429 1543; x_wconf 89' lang='lat' dir='ltr'><strong>bus</strong></span> <span class='ocrx_word' id='word_1_60' title='bbox 445 1485 646 1562; x_wconf 90' lang='lat' dir='ltr'><strong>persecutor</strong></span> <span class='ocrx_word' id='word_1_61' title='bbox 661 1481 796 1563; x_wconf 91' lang='lat' dir='ltr'><strong>peccati</strong></span> <span class='ocrx_word' id='word_1_62' title='bbox 813 1480 894 1543; x_wconf 89' lang='lat' dir='ltr'><strong>sede</strong></span> <span class='ocrx_word' id='word_1_63' title='bbox 911 1479 1119 1562; x_wconf 85' lang='lat' dir='ltr'><strong>pelleretur:</strong></span> <span class='ocrx_word' id='word_1_64' title='bbox 1142 1479 1203 1543; x_wconf 91' lang='lat' dir='ltr'><strong>sed</strong></span> <span class='ocrx_word' id='word_1_65' title='bbox 1219 1487 1320 1563; x_wconf 85' lang='lat' dir='ltr'><strong>post-</strong></span> 
     </span>
     <span class='ocr_line' id='line_1_12' title="bbox 365 1579 1318 1662; baseline 0.003 -20"><span class='ocrx_word' id='word_1_66' title='bbox 365 1579 505 1644; x_wconf 91' lang='lat' dir='ltr'><strong>modum</strong></span> <span class='ocrx_word' id='word_1_67' title='bbox 521 1580 794 1661; x_wconf 87' lang='lat' dir='ltr'><strong>provectioribus</strong></span> <span class='ocrx_word' id='word_1_68' title='bbox 811 1581 923 1657; x_wconf 88' lang='lat' dir='ltr'><strong>annis,</strong></span> <span class='ocrx_word' id='word_1_69' title='bbox 940 1598 1004 1662; x_wconf 91' lang='lat' dir='ltr'><strong>pro</strong></span> <span class='ocrx_word' id='word_1_70' title='bbox 1019 1579 1219 1662; x_wconf 85' lang='lat' dir='ltr'><strong>expiatione</strong></span> <span class='ocrx_word' id='word_1_71' title='bbox 1239 1598 1318 1645; x_wconf 80' lang='lat' dir='ltr'><strong>sce-</strong></span> 
     </span>
     <span class='ocr_line' id='line_1_13' title="bbox 364 1678 1320 1762; baseline 0.002 -19"><span class='ocrx_word' id='word_1_72' title='bbox 364 1679 459 1756; x_wconf 89' lang='lat' dir='ltr'><strong>leris,</strong></span> <span class='ocrx_word' id='word_1_73' title='bbox 484 1678 581 1742; x_wconf 94' lang='lat' dir='ltr'><strong>illum</strong></span> <span class='ocrx_word' id='word_1_74' title='bbox 604 1686 726 1744; x_wconf 90' lang='lat' dir='ltr'><strong>sancto</strong></span> <span class='ocrx_word' id='word_1_75' title='bbox 752 1679 931 1762; x_wconf 91' lang='lat' dir='ltr'><strong>Stephano</strong></span> <span class='ocrx_word' id='word_1_76' title='bbox 952 1679 1115 1744; x_wconf 85' lang='lat' dir='ltr'><strong>Cadomis</strong></span> <span class='ocrx_word' id='word_1_77' title='bbox 1141 1688 1320 1745; x_wconf 82' lang='lat' dir='ltr'><strong>monaste-</strong></span> 
     </span>
     <span class='ocr_line' id='line_1_14' title="bbox 365 1773 1317 1856; baseline 0.001 -14"><span class='ocrx_word' id='word_1_78' title='bbox 365 1780 454 1843; x_wconf 92' lang='lat' dir='ltr'><strong>rium</strong></span> <span class='ocrx_word' id='word_1_79' title='bbox 478 1778 681 1856; x_wconf 84' lang='lat' dir='ltr'><strong>aedificasse,</strong></span> <span class='ocrx_word' id='word_1_80' title='bbox 700 1773 814 1842; x_wconf 93' lang='lat' dir='ltr'><strong>¹illam</strong></span> <span class='ocrx_word' id='word_1_81' title='bbox 829 1778 1124 1844; x_wconf 85' lang='lat' dir='ltr'><strong>beatae-Trinitati</strong></span> <span class='ocrx_word' id='word_1_82' title='bbox 1139 1779 1176 1842; x_wconf 90' lang='lat' dir='ltr'><strong>in</strong></span> <span class='ocrx_word' id='word_1_83' title='bbox 1193 1779 1317 1845; x_wconf 91' lang='lat' dir='ltr'><strong>eodem</strong></span> 
     </span>
     <span class='ocr_line' id='line_1_15' title="bbox 365 1878 1316 1964; baseline 0.001 -20"><span class='ocrx_word' id='word_1_84' title='bbox 365 1881 444 1944; x_wconf 91' lang='lat' dir='ltr'><strong>vico</strong></span> <span class='ocrx_word' id='word_1_85' title='bbox 456 1878 547 1943; x_wconf 92' lang='lat' dir='ltr'><strong>idem</strong></span> <span class='ocrx_word' id='word_1_86' title='bbox 563 1878 685 1943; x_wconf 85' lang='lat' dir='ltr'><strong>fecisse</strong></span> <span class='ocrx_word' id='word_1_87' title='bbox 698 1897 707 1959; x_wconf 85' lang='lat'>3</span> <span class='ocrx_word' id='word_1_88' title='bbox 734 1886 882 1964; x_wconf 91' lang='lat' dir='ltr'><strong>utroque</strong></span> <span class='ocrx_word' id='word_1_89' title='bbox 895 1898 959 1962; x_wconf 91' lang='lat' dir='ltr'><strong>pro</strong></span> <span class='ocrx_word' id='word_1_90' title='bbox 970 1898 1058 1943; x_wconf 87' lang='lat' dir='ltr'><strong>sexu</strong></span> <span class='ocrx_word' id='word_1_91' title='bbox 1069 1898 1134 1943; x_wconf 89' lang='lat' dir='ltr'><strong>suo</strong></span> <span class='ocrx_word' id='word_1_92' title='bbox 1147 1899 1316 1962; x_wconf 75' lang='lat' dir='ltr'><strong>personas</strong></span> 
     </span>
     <span class='ocr_line' id='line_1_16' title="bbox 365 1979 809 2060; baseline 0.005 -18"><span class='ocrx_word' id='word_1_93' title='bbox 365 1979 632 2043; x_wconf 91' lang='lat' dir='ltr'><strong>inhabitantium</strong></span> <span class='ocrx_word' id='word_1_94' title='bbox 648 1980 809 2060; x_wconf 86' lang='lat' dir='ltr'><strong>eligente.</strong></span> 
     </span>
    </p>

    <p class='ocr_par' dir='ltr' id='par_1_3' title="bbox 306 2078 1409 3640">
     <span class='ocr_line' id='line_1_17' title="bbox 417 2078 1321 2162; baseline 0.002 -20"><span class='ocrx_word' id='word_1_95' title='bbox 417 2078 529 2162; x_wconf 63' lang='lat'><strong>5268.</strong></span> <span class='ocrx_word' id='word_1_96' title='bbox 556 2078 729 2161; x_wconf 83' lang='lat' dir='ltr'><strong>Malgerio</strong></span> <span class='ocrx_word' id='word_1_97' title='bbox 751 2080 920 2144; x_wconf 89' lang='lat' dir='ltr'><strong>successit</strong></span> <span class='ocrx_word' id='word_1_98' title='bbox 947 2078 1146 2157; x_wconf 78' lang='lat' dir='ltr'><strong>Mamilius,</strong></span> <span class='ocrx_word' id='word_1_99' title='bbox 1173 2078 1321 2144; x_wconf 84' lang='lat' dir='ltr'><strong>Fiscan-</strong></span> 
     </span>
     <span class='ocr_line' id='line_1_18' title="bbox 365 2177 1316 2256; baseline 0.003 -15"><span class='ocrx_word' id='word_1_100' title='bbox 365 2177 483 2242; x_wconf 85' lang='lat' dir='ltr'><strong>nensis</strong></span> <span class='ocrx_word' id='word_1_101' title='bbox 507 2178 708 2256; x_wconf 90' lang='lat' dir='ltr'><strong>monachus,</strong></span> <span class='ocrx_word' id='word_1_102' title='bbox 731 2180 849 2243; x_wconf 91' lang='lat' dir='ltr'><strong>multis</strong></span> <span class='ocrx_word' id='word_1_103' title='bbox 865 2179 1054 2243; x_wconf 91' lang='lat' dir='ltr'><strong>virtutibus</strong></span> <span class='ocrx_word' id='word_1_104' title='bbox 1078 2179 1139 2243; x_wconf 89' lang='lat' dir='ltr'><strong>sed</strong></span> <span class='ocrx_word' id='word_1_105' title='bbox 1161 2181 1316 2244; x_wconf 86' lang='lat' dir='ltr'><strong>maxime</strong></span> 
     </span>
     <span class='ocr_line' id='line_1_19' title="bbox 366 2278 1316 2361; baseline 0.004 -20"><span class='ocrx_word' id='word_1_106' title='bbox 366 2279 577 2342; x_wconf 88' lang='lat' dir='ltr'><strong>abstinentia</strong></span> <span class='ocrx_word' id='word_1_107' title='bbox 605 2278 780 2343; x_wconf 88' lang='lat' dir='ltr'><strong>laudatus.</strong></span> <span class='ocrx_word' id='word_1_108' title='bbox 833 2279 870 2343; x_wconf 91' lang='lat' dir='ltr'><strong>Is</strong></span> <span class='ocrx_word' id='word_1_109' title='bbox 902 2284 983 2361; x_wconf 90' lang='lat' dir='ltr'><strong>post</strong></span> <span class='ocrx_word' id='word_1_110' title='bbox 1013 2279 1100 2342; x_wconf 90' lang='lat' dir='ltr'><strong>bene</strong></span> <span class='ocrx_word' id='word_1_111' title='bbox 1132 2286 1167 2343; x_wconf 93' lang='lat' dir='ltr'><strong>et</strong></span> <span class='ocrx_word' id='word_1_112' title='bbox 1192 2288 1316 2345; x_wconf 87' lang='lat' dir='ltr'><strong>sancte</strong></span> 
     </span>
     <span class='ocr_line' id='line_1_20' title="bbox 306 2378 1318 2456; baseline 0.003 -15"><span class='ocrx_word' id='word_1_113' title='bbox 306 2378 312 2387; x_wconf 83' lang='lat'><strong><em>&#39;</em></strong></span> <span class='ocrx_word' id='word_1_114' title='bbox 365 2384 480 2442; x_wconf 90' lang='lat' dir='ltr'><strong>actam</strong></span> <span class='ocrx_word' id='word_1_115' title='bbox 497 2379 617 2456; x_wconf 91' lang='lat' dir='ltr'><strong>vitam,</strong></span> <span class='ocrx_word' id='word_1_116' title='bbox 635 2399 713 2443; x_wconf 94' lang='lat' dir='ltr'><strong>cum</strong></span> <span class='ocrx_word' id='word_1_117' title='bbox 729 2378 772 2442; x_wconf 91' lang='lat' dir='ltr'><strong>ad</strong></span> <span class='ocrx_word' id='word_1_118' title='bbox 787 2387 980 2442; x_wconf 88' lang='lat' dir='ltr'><strong>extremum</strong></span> <span class='ocrx_word' id='word_1_119' title='bbox 997 2378 1074 2442; x_wconf 93' lang='lat' dir='ltr'><strong>Deo</strong></span> <span class='ocrx_word' id='word_1_120' title='bbox 1091 2386 1240 2443; x_wconf 90' lang='lat' dir='ltr'><strong>vocante</strong></span> <span class='ocrx_word' id='word_1_121' title='bbox 1254 2400 1318 2444; x_wconf 89' lang='lat' dir='ltr'><strong>ve·</strong></span> 
     </span>
     <span class='ocr_line' id='line_1_21' title="bbox 365 2472 1315 2561; baseline 0.002 -19"><span class='ocrx_word' id='word_1_122' title='bbox 365 2479 486 2556; x_wconf 89' lang='lat' dir='ltr'><strong>nisset,</strong></span> <span class='ocrx_word' id='word_1_123' title='bbox 501 2479 600 2543; x_wconf 90' lang='lat' dir='ltr'><strong>vitali</strong></span> <span class='ocrx_word' id='word_1_124' title='bbox 620 2480 778 2561; x_wconf 92' lang='lat' dir='ltr'><strong>privatus</strong></span> <span class='ocrx_word' id='word_1_125' title='bbox 801 2472 932 2542; x_wconf 81' lang='lat' dir='ltr'><strong>²halitu</strong></span> <span class='ocrx_word' id='word_1_126' title='bbox 956 2478 1062 2541; x_wconf 87' lang='lat' dir='ltr'><strong>ferme</strong></span> <span class='ocrx_word' id='word_1_127' title='bbox 1089 2478 1231 2542; x_wconf 91' lang='lat' dir='ltr'><strong>dimidia</strong></span> <span class='ocrx_word' id='word_1_128' title='bbox 1256 2479 1315 2544; x_wconf 90' lang='lat' dir='ltr'><strong>die</strong></span> 
     </span>
     <span class='ocr_line' id='line_1_22' title="bbox 361 2577 1317 2663; baseline 0.002 -21"><span class='ocrx_word' id='word_1_129' title='bbox 361 2577 475 2661; x_wconf 88' lang='lat' dir='ltr'><strong>jacuit</strong></span> <span class='ocrx_word' id='word_1_130' title='bbox 502 2577 704 2658; x_wconf 89' lang='lat' dir='ltr'><strong>defunctus;</strong></span> <span class='ocrx_word' id='word_1_131' title='bbox 738 2585 976 2655; x_wconf 90' lang='lat' dir='ltr'><strong>veruntamen,</strong></span> <span class='ocrx_word' id='word_1_132' title='bbox 1004 2597 1082 2640; x_wconf 88' lang='lat' dir='ltr'><strong>cum</strong></span> <span class='ocrx_word' id='word_1_133' title='bbox 1103 2577 1179 2662; x_wconf 89' lang='lat' dir='ltr'><strong>jam</strong></span> <span class='ocrx_word' id='word_1_134' title='bbox 1213 2596 1317 2663; x_wconf 88' lang='lat' dir='ltr'><strong>para-</strong></span> 
     </span>
     <span class='ocr_line' id='line_1_23' title="bbox 365 2677 1318 2760; baseline 0.002 -20"><span class='ocrx_word' id='word_1_135' title='bbox 365 2686 461 2742; x_wconf 91' lang='lat' dir='ltr'><strong>retur</strong></span> <span class='ocrx_word' id='word_1_136' title='bbox 491 2679 527 2743; x_wconf 90' lang='lat' dir='ltr'><strong>in</strong></span> <span class='ocrx_word' id='word_1_137' title='bbox 559 2679 739 2744; x_wconf 88' lang='lat' dir='ltr'><strong>ecclesiam</strong></span> <span class='ocrx_word' id='word_1_138' title='bbox 771 2677 865 2755; x_wconf 83' lang='lat' dir='ltr'><strong>ferri,</strong></span> <span class='ocrx_word' id='word_1_139' title='bbox 897 2677 1013 2740; x_wconf 91' lang='lat' dir='ltr'><strong>anima</strong></span> <span class='ocrx_word' id='word_1_140' title='bbox 1044 2686 1222 2760; x_wconf 89' lang='lat' dir='ltr'><strong>resumpta</strong></span> <span class='ocrx_word' id='word_1_141' title='bbox 1251 2679 1318 2743; x_wconf 89' lang='lat' dir='ltr'><strong>cir-</strong></span> 
     </span>
     <span class='ocr_line' id='line_1_24' title="bbox 365 2776 1317 2861; baseline 0.002 -21"><span class='ocrx_word' id='word_1_142' title='bbox 365 2785 578 2843; x_wconf 87' lang='lat' dir='ltr'><strong>cumstantes</strong></span> <span class='ocrx_word' id='word_1_143' title='bbox 603 2777 843 2861; x_wconf 90' lang='lat' dir='ltr'><strong>lachrymabili</strong></span> <span class='ocrx_word' id='word_1_144' title='bbox 868 2777 996 2859; x_wconf 80' lang='lat' dir='ltr'><strong>gaudio</strong></span> <span class='ocrx_word' id='word_1_145' title='bbox 1022 2776 1182 2860; x_wconf 82' lang='lat' dir='ltr'><strong>perfudit.</strong></span> <span class='ocrx_word' id='word_1_146' title='bbox 1234 2777 1317 2842; x_wconf 90' lang='lat' dir='ltr'><strong>Stu-</strong></span> 
     </span>
     <span class='ocr_line' id='line_1_25' title="bbox 365 2874 1316 2960; baseline 0 -18"><span class='ocrx_word' id='word_1_147' title='bbox 365 2884 487 2960; x_wconf 90' lang='lat' dir='ltr'><strong>pentes</strong></span> <span class='ocrx_word' id='word_1_148' title='bbox 504 2878 570 2942; x_wconf 93' lang='lat' dir='ltr'><strong>hoc</strong></span> <span class='ocrx_word' id='word_1_149' title='bbox 589 2897 746 2942; x_wconf 90' lang='lat' dir='ltr'><strong>sermone</strong></span> <span class='ocrx_word' id='word_1_150' title='bbox 767 2879 988 2943; x_wconf 86' lang='lat' dir='ltr'><strong>corroborat:</strong></span> <span class='ocrx_word' id='word_1_151' title='bbox 1013 2874 1173 2942; x_wconf 88' lang='lat' dir='ltr'><strong>‘Attenti</strong></span> <span class='ocrx_word' id='word_1_152' title='bbox 1198 2878 1316 2942; x_wconf 91' lang='lat' dir='ltr'><strong>animo</strong></span> 
     </span>
     <span class='ocr_line' id='line_1_26' title="bbox 366 2977 1409 3067; baseline 0.002 -27"><span class='ocrx_word' id='word_1_153' title='bbox 366 2983 488 3054; x_wconf 91' lang='lat' dir='ltr'><strong>estote,</strong></span> <span class='ocrx_word' id='word_1_154' title='bbox 514 2977 636 3042; x_wconf 90' lang='lat' dir='ltr'><strong>ultima</strong></span> <span class='ocrx_word' id='word_1_155' title='bbox 657 2979 809 3061; x_wconf 86' lang='lat' dir='ltr'><strong>pastoris</strong></span> <span class='ocrx_word' id='word_1_156' title='bbox 830 2978 938 3042; x_wconf 89' lang='lat' dir='ltr'><strong>vestri</strong></span> <span class='ocrx_word' id='word_1_157' title='bbox 959 2979 1065 3042; x_wconf 88' lang='lat' dir='ltr'><strong>verba</strong></span> <span class='ocrx_word' id='word_1_158' title='bbox 1091 2977 1315 3061; x_wconf 86' lang='lat' dir='ltr'><strong>excipientes.</strong></span> <span class='ocrx_word' id='word_1_159' title='bbox 1405 3056 1409 3067; x_wconf 34' lang='grc' dir='ltr'><strong><em>Ι</em></strong></span> 
     </span>
     <span class='ocr_line' id='line_1_27' title="bbox 366 3075 1315 3155; baseline 0.002 -15"><span class='ocrx_word' id='word_1_160' title='bbox 366 3075 531 3140; x_wconf 89' lang='lat' dir='ltr'><strong>Naturali</strong></span> <span class='ocrx_word' id='word_1_161' title='bbox 554 3084 665 3141; x_wconf 89' lang='lat' dir='ltr'><strong>morte</strong></span> <span class='ocrx_word' id='word_1_162' title='bbox 687 3078 862 3142; x_wconf 87' lang='lat' dir='ltr'><strong>resolutus</strong></span> <span class='ocrx_word' id='word_1_163' title='bbox 878 3078 941 3153; x_wconf 85' lang='lat' dir='ltr'><strong>fui,</strong></span> <span class='ocrx_word' id='word_1_164' title='bbox 958 3076 1032 3155; x_wconf 91' lang='lat' dir='ltr'><strong>sed,</strong></span> <span class='ocrx_word' id='word_1_165' title='bbox 1051 3084 1090 3141; x_wconf 94' lang='lat' dir='ltr'><strong>ut</strong></span> <span class='ocrx_word' id='word_1_166' title='bbox 1105 3078 1205 3142; x_wconf 91' lang='lat' dir='ltr'><strong>vobis</strong></span> <span class='ocrx_word' id='word_1_167' title='bbox 1230 3079 1315 3142; x_wconf 88' lang='lat' dir='ltr'><strong>inti·</strong></span> 
     </span>
     <span class='ocr_line' id='line_1_28' title="bbox 364 3168 1317 3259; baseline 0.001 -19"><span class='ocrx_word' id='word_1_168' title='bbox 364 3196 494 3241; x_wconf 89' lang='lat' dir='ltr'><strong>marem</strong></span> <span class='ocrx_word' id='word_1_169' title='bbox 518 3196 597 3259; x_wconf 85' lang='lat' dir='ltr'><strong>quae</strong></span> <span class='ocrx_word' id='word_1_170' title='bbox 620 3175 705 3252; x_wconf 89' lang='lat' dir='ltr'><strong>vidi,</strong></span> <span class='ocrx_word' id='word_1_171' title='bbox 733 3177 896 3241; x_wconf 90' lang='lat' dir='ltr'><strong>reductus</strong></span> <span class='ocrx_word' id='word_1_172' title='bbox 923 3196 1020 3256; x_wconf 83' lang='lat' dir='ltr'><strong>sum3</strong></span> <span class='ocrx_word' id='word_1_173' title='bbox 1046 3168 1116 3241; x_wconf 79' lang='lat' dir='ltr'><strong>nec‘</strong></span> <span class='ocrx_word' id='word_1_174' title='bbox 1136 3177 1317 3259; x_wconf 84' lang='lat' dir='ltr'><strong>aliquanto</strong></span> 
     </span>
     <span class='ocr_line' id='line_1_29' title="bbox 365 3275 1317 3359; baseline 0.003 -21"><span class='ocrx_word' id='word_1_175' title='bbox 365 3275 495 3340; x_wconf 92' lang='lat' dir='ltr'><strong>diutius</strong></span> <span class='ocrx_word' id='word_1_176' title='bbox 518 3276 718 3353; x_wconf 90' lang='lat' dir='ltr'><strong>subsistam,</strong></span> <span class='ocrx_word' id='word_1_177' title='bbox 736 3278 819 3359; x_wconf 90' lang='lat' dir='ltr'><strong>quia</strong></span> <span class='ocrx_word' id='word_1_178' title='bbox 840 3277 876 3340; x_wconf 91' lang='lat' dir='ltr'><strong>in</strong></span> <span class='ocrx_word' id='word_1_179' title='bbox 899 3277 1052 3340; x_wconf 90' lang='lat' dir='ltr'><strong>Domino</strong></span> <span class='ocrx_word' id='word_1_180' title='bbox 1074 3278 1232 3359; x_wconf 88' lang='lat' dir='ltr'><strong>soporari</strong></span> <span class='ocrx_word' id='word_1_181' title='bbox 1257 3276 1317 3341; x_wconf 90' lang='lat' dir='ltr'><strong>de-</strong></span> 
     </span>
     <span class='ocr_line' id='line_1_30' title="bbox 364 3375 1316 3458; baseline 0.005 -22"><span class='ocrx_word' id='word_1_182' title='bbox 364 3375 482 3440; x_wconf 89' lang='lat' dir='ltr'><strong>lectat.</strong></span> <span class='ocrx_word' id='word_1_183' title='bbox 534 3377 707 3440; x_wconf 91' lang='lat' dir='ltr'><strong>Ductores</strong></span> <span class='ocrx_word' id='word_1_184' title='bbox 740 3377 884 3458; x_wconf 91' lang='lat' dir='ltr'><strong>spiritus</strong></span> <span class='ocrx_word' id='word_1_185' title='bbox 911 3377 979 3440; x_wconf 92' lang='lat' dir='ltr'><strong>mei</strong></span> <span class='ocrx_word' id='word_1_186' title='bbox 1003 3376 1156 3440; x_wconf 89' lang='lat' dir='ltr'><strong>vultibus</strong></span> <span class='ocrx_word' id='word_1_187' title='bbox 1183 3383 1218 3440; x_wconf 88' lang='lat' dir='ltr'><strong>et</strong></span> <span class='ocrx_word' id='word_1_188' title='bbox 1239 3396 1316 3441; x_wconf 91' lang='lat' dir='ltr'><strong>ves·</strong></span> 
     </span>
     <span class='ocr_line' id='line_1_31' title="bbox 365 3475 1314 3558; baseline 0.004 -22"><span class='ocrx_word' id='word_1_189' title='bbox 365 3475 458 3537; x_wconf 89' lang='lat' dir='ltr'><strong>tibus</strong></span> <span class='ocrx_word' id='word_1_190' title='bbox 492 3475 537 3538; x_wconf 90' lang='lat' dir='ltr'><strong>ad</strong></span> <span class='ocrx_word' id='word_1_191' title='bbox 565 3496 700 3540; x_wconf 91' lang='lat' dir='ltr'><strong>omnem</strong></span> <span class='ocrx_word' id='word_1_192' title='bbox 738 3476 947 3557; x_wconf 88' lang='lat' dir='ltr'><strong>elegantiam</strong></span> <span class='ocrx_word' id='word_1_193' title='bbox 980 3483 1079 3539; x_wconf 90' lang='lat' dir='ltr'><strong>erant</strong></span> <span class='ocrx_word' id='word_1_194' title='bbox 1110 3476 1314 3558; x_wconf 83' lang='lat' dir='ltr'><strong>compositi3</strong></span> 
     </span>
     <span class='ocr_line' id='line_1_32' title="bbox 363 3574 1317 3640; baseline 0.004 -4"><span class='ocrx_word' id='word_1_195' title='bbox 363 3574 597 3639; x_wconf 88' lang='lat' dir='ltr'><strong>concordabat</strong></span> <span class='ocrx_word' id='word_1_196' title='bbox 620 3576 803 3640; x_wconf 89' lang='lat' dir='ltr'><strong>verborum</strong></span> <span class='ocrx_word' id='word_1_197' title='bbox 834 3575 960 3639; x_wconf 87' lang='lat' dir='ltr'><strong>lenitas</strong></span> <span class='ocrx_word' id='word_1_198' title='bbox 994 3595 1073 3639; x_wconf 87' lang='lat' dir='ltr'><strong>cum</strong></span> <span class='ocrx_word' id='word_1_199' title='bbox 1100 3577 1214 3640; x_wconf 90' lang='lat' dir='ltr'><strong>nitore</strong></span> <span class='ocrx_word' id='word_1_200' title='bbox 1238 3596 1317 3640; x_wconf 90' lang='lat' dir='ltr'><strong>ves-</strong></span> 
     </span>
    </p>
   </div>
   <div class='ocr_carea' id='block_1_3' title="bbox 362 3799 1317 4286">
    <p class='ocr_par' dir='ltr' id='par_1_4' title="bbox 362 3799 1317 4286">
     <span class='ocr_line' id='line_1_33' title="bbox 399 3799 1316 3866; baseline 0.004 -16"><span class='ocrx_word' id='word_1_201' title='bbox 399 3799 409 3830; x_wconf 90' lang='lat'><strong>¹</strong></span> <span class='ocrx_word' id='word_1_202' title='bbox 428 3802 506 3850; x_wconf 78' lang='lat' dir='ltr'><strong>Illum</strong></span> <span class='ocrx_word' id='word_1_203' title='bbox 519 3803 594 3851; x_wconf 83' lang='lat' dir='ltr'><strong>bcutoe</strong></span> <span class='ocrx_word' id='word_1_204' title='bbox 613 3802 754 3866; x_wconf 64' lang='lat' dir='ltr'><strong>minitata]</strong></span> <span class='ocrx_word' id='word_1_205' title='bbox 772 3803 826 3852; x_wconf 86' lang='lat' dir='ltr'><strong>The</strong></span> <span class='ocrx_word' id='word_1_206' title='bbox 851 3803 976 3865; x_wconf 81' lang='lat' dir='ltr'><strong>daughter</strong></span> <span class='ocrx_word' id='word_1_207' title='bbox 988 3802 1095 3865; x_wconf 82' lang='lat' dir='ltr'><strong>cecilia,</strong></span> <span class='ocrx_word' id='word_1_208' title='bbox 1105 3803 1212 3852; x_wconf 84' lang='lat' dir='ltr'><strong>devoted</strong></span> <span class='ocrx_word' id='word_1_209' title='bbox 1229 3803 1275 3852; x_wconf 89' lang='lat' dir='ltr'><strong>her</strong></span> <span class='ocrx_word' id='word_1_210' title='bbox 1290 3808 1316 3854; x_wconf 88' lang='lat' dir='ltr'><strong>to</strong></span> 
     </span>
     <span class='ocr_line' id='line_1_34' title="bbox 364 3872 1316 3934; baseline 0.004 -15"><span class='ocrx_word' id='word_1_211' title='bbox 364 3877 471 3920; x_wconf 87' lang='lat' dir='ltr'><strong>convent</strong></span> <span class='ocrx_word' id='word_1_212' title='bbox 480 3872 510 3920; x_wconf 81' lang='lat' dir='ltr'><strong>oi</strong></span> <span class='ocrx_word' id='word_1_213' title='bbox 523 3873 566 3921; x_wconf 88' lang='lat' dir='ltr'><strong>the</strong></span> <span class='ocrx_word' id='word_1_214' title='bbox 583 3873 653 3933; x_wconf 85' lang='lat' dir='ltr'><strong>Holy</strong></span> <span class='ocrx_word' id='word_1_215' title='bbox 663 3873 762 3934; x_wconf 85' lang='lat' dir='ltr'><strong>Trinity</strong></span> <span class='ocrx_word' id='word_1_216' title='bbox 772 3887 826 3922; x_wconf 83' lang='lat' dir='ltr'><strong>was</strong></span> <span class='ocrx_word' id='word_1_217' title='bbox 851 3873 893 3921; x_wconf 90' lang='lat' dir='ltr'><strong>the</strong></span> <span class='ocrx_word' id='word_1_218' title='bbox 905 3873 1000 3922; x_wconf 88' lang='lat' dir='ltr'><strong>service</strong></span> <span class='ocrx_word' id='word_1_219' title='bbox 1012 3872 1041 3921; x_wconf 81' lang='lat' dir='ltr'><strong>oi</strong></span> <span class='ocrx_word' id='word_1_220' title='bbox 1049 3873 1108 3923; x_wconf 89' lang='lat' dir='ltr'><strong>God</strong></span> <span class='ocrx_word' id='word_1_221' title='bbox 1118 3874 1144 3920; x_wconf 89' lang='lat' dir='ltr'><strong>in</strong></span> <span class='ocrx_word' id='word_1_222' title='bbox 1155 3873 1206 3922; x_wconf 86' lang='lat' dir='ltr'><strong>thie</strong></span> <span class='ocrx_word' id='word_1_223' title='bbox 1217 3888 1316 3923; x_wconf 84' lang='lat' dir='ltr'><strong>monas-</strong></span> 
     </span>
     <span class='ocr_line' id='line_1_35' title="bbox 364 3939 1317 4005; baseline 0.005 -17"><span class='ocrx_word' id='word_1_224' title='bbox 364 3939 475 3990; x_wconf 80' lang='lat' dir='ltr'><strong>founded</strong></span> <span class='ocrx_word' id='word_1_225' title='bbox 487 3943 519 4002; x_wconf 83' lang='lat' dir='ltr'><strong>bv</strong></span> <span class='ocrx_word' id='word_1_226' title='bbox 533 3942 826 4005; x_wconf 79' lang='lat' dir='ltr'><strong>Matildain1066,and</strong></span> <span class='ocrx_word' id='word_1_227' title='bbox 851 3947 916 4004; x_wconf 84' lang='lat' dir='ltr'><strong>tery‚</strong></span> <span class='ocrx_word' id='word_1_228' title='bbox 928 3944 1015 3993; x_wconf 84' lang='lat' dir='ltr'><strong>where</strong></span> <span class='ocrx_word' id='word_1_229' title='bbox 1033 3942 1079 3992; x_wconf 87' lang='lat' dir='ltr'><strong>ebe</strong></span> <span class='ocrx_word' id='word_1_230' title='bbox 1096 3945 1199 3993; x_wconf 84' lang='lat' dir='ltr'><strong>became</strong></span> <span class='ocrx_word' id='word_1_231' title='bbox 1216 3944 1260 3992; x_wconf 89' lang='lat' dir='ltr'><strong>the</strong></span> <span class='ocrx_word' id='word_1_232' title='bbox 1276 3958 1317 3993; x_wconf 86' lang='lat' dir='ltr'><strong>ee·</strong></span> 
     </span>
     <span class='ocr_line' id='line_1_36' title="bbox 364 4011 1028 4064; baseline 0.008 -6"><span class='ocrx_word' id='word_1_233' title='bbox 364 4011 398 4059; x_wconf 86' lang='lat' dir='ltr'><strong>its</strong></span> <span class='ocrx_word' id='word_1_234' title='bbox 413 4011 508 4060; x_wconf 88' lang='lat' dir='ltr'><strong>churcb</strong></span> <span class='ocrx_word' id='word_1_235' title='bbox 518 4012 653 4061; x_wconf 89' lang='lat' dir='ltr'><strong>dedicated</strong></span> <span class='ocrx_word' id='word_1_236' title='bbox 669 4027 702 4060; x_wconf 90' lang='lat' dir='ltr'><strong>on</strong></span> <span class='ocrx_word' id='word_1_237' title='bbox 713 4013 755 4061; x_wconf 89' lang='lat' dir='ltr'><strong>the</strong></span> <span class='ocrx_word' id='word_1_238' title='bbox 769 4011 826 4060; x_wconf 79' lang='lat' dir='ltr'><strong>leth</strong></span> <span class='ocrx_word' id='word_1_239' title='bbox 852 4014 916 4062; x_wconf 90' lang='lat' dir='ltr'><strong>cond</strong></span> <span class='ocrx_word' id='word_1_240' title='bbox 927 4015 1028 4064; x_wconf 84' lang='lat' dir='ltr'><strong>abbeee.</strong></span> 
     </span>
     <span class='ocr_line' id='line_1_37' title="bbox 363 4079 826 4142; baseline 0.004 -14"><span class='ocrx_word' id='word_1_241' title='bbox 363 4079 393 4128; x_wconf 86' lang='lat' dir='ltr'><strong>of</strong></span> <span class='ocrx_word' id='word_1_242' title='bbox 412 4080 481 4130; x_wconf 89' lang='lat' dir='ltr'><strong>June</strong></span> <span class='ocrx_word' id='word_1_243' title='bbox 502 4081 528 4129; x_wconf 91' lang='lat' dir='ltr'><strong>in</strong></span> <span class='ocrx_word' id='word_1_244' title='bbox 549 4082 605 4130; x_wconf 87' lang='lat' dir='ltr'><strong>that</strong></span> <span class='ocrx_word' id='word_1_245' title='bbox 626 4097 695 4142; x_wconf 85' lang='lat' dir='ltr'><strong>year.</strong></span> <span class='ocrx_word' id='word_1_246' title='bbox 747 4082 826 4131; x_wconf 89' lang='lat' dir='ltr'><strong>Duke</strong></span> 
     </span>
     <span class='ocr_line' id='line_1_38' title="bbox 362 4149 1317 4216; baseline 0.006 -18"><span class='ocrx_word' id='word_1_247' title='bbox 362 4150 476 4199; x_wconf 81' lang='lat' dir='ltr'><strong>&#39;William</strong></span> <span class='ocrx_word' id='word_1_248' title='bbox 492 4164 524 4200; x_wconf 88' lang='lat' dir='ltr'><strong>on</strong></span> <span class='ocrx_word' id='word_1_249' title='bbox 543 4151 585 4200; x_wconf 89' lang='lat' dir='ltr'><strong>the</strong></span> <span class='ocrx_word' id='word_1_250' title='bbox 605 4165 675 4200; x_wconf 85' lang='lat' dir='ltr'><strong>same</strong></span> <span class='ocrx_word' id='word_1_251' title='bbox 692 4152 753 4214; x_wconf 84' lang='lat' dir='ltr'><strong>day,</strong></span> <span class='ocrx_word' id='word_1_252' title='bbox 769 4167 827 4213; x_wconf 88' lang='lat' dir='ltr'><strong>pre·</strong></span> <span class='ocrx_word' id='word_1_253' title='bbox 887 4149 1029 4216; x_wconf 65' lang='grc' dir='ltr'><strong>2Ηαὶἱέιι.]</strong></span> <span class='ocrx_word' id='word_1_254' title='bbox 1053 4152 1087 4204; x_wconf 76' lang='grc' dir='ltr'><strong>Α.</strong></span> <span class='ocrx_word' id='word_1_255' title='bbox 1112 4152 1141 4203; x_wconf 79' lang='lat' dir='ltr'><strong>S.</strong></span> <span class='ocrx_word' id='word_1_256' title='bbox 1166 4154 1317 4216; x_wconf 74' lang='lat' dir='ltr'><strong>0.E.1;.;</strong></span> 
     </span>
     <span class='ocr_line' id='line_1_39' title="bbox 362 4220 1022 4286; baseline 0.005 -17"><span class='ocrx_word' id='word_1_257' title='bbox 362 4220 462 4284; x_wconf 82' lang='lat' dir='ltr'><strong>senting</strong></span> <span class='ocrx_word' id='word_1_258' title='bbox 484 4226 511 4270; x_wconf 87' lang='lat' dir='ltr'><strong>at</strong></span> <span class='ocrx_word' id='word_1_259' title='bbox 533 4221 576 4270; x_wconf 83' lang='lat' dir='ltr'><strong>the</strong></span> <span class='ocrx_word' id='word_1_260' title='bbox 598 4222 665 4272; x_wconf 85' lang='lat' dir='ltr'><strong>altar</strong></span> <span class='ocrx_word' id='word_1_261' title='bbox 680 4221 720 4270; x_wconf 86' lang='lat' dir='ltr'><strong>his</strong></span> <span class='ocrx_word' id='word_1_262' title='bbox 745 4221 826 4272; x_wconf 84' lang='lat' dir='ltr'><strong>infant</strong></span> <span class='ocrx_word' id='word_1_263' title='bbox 853 4222 976 4286; x_wconf 83' lang='lat' dir='ltr'><strong>anhelitu,</strong></span> <span class='ocrx_word' id='word_1_264' title='bbox 987 4223 1022 4273; x_wconf 87' lang='lat' dir='ltr'><strong>D.</strong></span> 
     </span>
    </p>
   </div>
   <div class='ocr_carea' id='block_1_4' title="bbox 0 0 1439 4868">
    <p class='ocr_par' dir='ltr' id='par_1_5' title="bbox 0 0 1439 4868">
     <span class='ocr_line' id='line_1_40' title="bbox 0 0 1439 4868; baseline 0 0"><span class='ocrx_word' id='word_1_265' title='bbox 0 0 1439 4868; x_wconf 95' lang='lat' dir='ltr'><strong> </strong></span> 
     </span>
    </p>
   </div>
  </div>
 </body>
</html>
