2866 4868
339 394 404 458 574
553 407 664 456 cussa
692 408 819 455 anouu
843 407 1059 456 ANGLORUM.
1137 395 1293 476 [nrurv.

177 587 300 636 aaran
339 566 612 642 subterraneum,
622 565 714 647 quod
726 565 815 630 forte
827 585 864 629 se
875 558 1292 648 ‘discursantiobtulerat

177 638 282 678 Bouillon.
343 667 349 681 .

340 684 516 746 rugressus
534 673 608 729 est:
632 666 692 742 ibi,
710 685 787 728 oum
804 665 910 728 nimio
925 665 997 729 vini
1013 666 1141 731 haustu
1163 669 1289 732 intem-

340 765 533 848 perantiam
548 765 624 829 sitis
640 765 824 847 placasset,
840 764 960 829 febrim
976 773 1184 846 quartanam
1199 767 1289 834 iniit.-

341 866 473 928 Diount
488 865 547 928 alii
560 871 729 929 venenato
747 864 896 928 Falerno
913 865 1099 945 infectum3
1124 868 1215 949 quod
1234 888 1288 932 so-

340 964 434 1029 leant
451 964 614 1041 Romani,
642 971 678 1028 et
700 964 793 1027 illius
819 971 921 1027 terrae
943 965 1110 1043 homines,
1129 968 1213 1031 totis
1236 969 1290 1031 in-

340 1063 482 1127 fundere
497 1065 615 1128 toxica
630 1064 755 1128 tonnis.
801 1061 886 1140 Alii,
902 1064 933 1127 ei
947 1072 1081 1146 partem
1095 1065 1190 1129 illam
1202 1087 1288 1132 moe-

338 1164 433 1226 nium
458 1170 550 1227 sorte
575 1163 742 1245 obtigisse
768 1162 826 1225 ubi
852 1162 990 1227 Tiberis
1010 1164 1159 1228 influens
1185 1187 1287 1230 mane

338 1281 451 1327 saevas
476 1263 617 1326 exhalat
642 1262 797 1339 nebulas,
821 1281 966 1344 quarum
991 1264 1141 1345 pernicie
1167 1285 1286 1330 omnes

338 1362 464 1426 milites
479 1362 554 1445 ejus
571 1371 697 1444 praeter
709 1362 828 1426 decem
843 1361 1017 1442 interiise;
1040 1364 1166 1445 ipsum,
1181 1367 1286 1430 amis-

339 1460 386 1524 sis
403 1462 554 1525 crinibus
569 1468 604 1525 et
620 1463 807 1543 unguibus,
824 1461 927 1525 dubie
942 1463 1170 1528 convaluisse.
1212 1465 1286 1530 Ve-

338 1568 531 1639 runtamen,
553 1561 732 1643 quodlibet
760 1562 881 1625 horum
900 1561 1015 1638 fuerit,
1044 1570 1182 1628 constat
1207 1584 1287 1629 eum

339 1680 514 1742 nunquam
539 1661 711 1724 continuae
737 1661 797 1725 sed
819 1660 923 1724 lentae
940 1660 1045 1724 febris
1067 1661 1287 1729 incommodo

339 1779 481 1825 vacasse
494 1781 503 1839 ;
521 1761 641 1838 donec,
653 1760 773 1825 audita
785 1761 878 1824 fama
892 1761 959 1824 viae
973 1759 1286 1845 lerosolymitanae,

337 1861 420 1924 illuc
435 1880 473 1924 se
489 1861 617 1924 iturum
629 1861 727 1924 vovit
738 1861 768 1924 si
781 1861 877 1923 Deus
891 1861 1062 1942 propitius
1079 1863 1109 1925 ei
1121 1856 1288 1928 ²salutem

337 1960 540 2040 largiretur:
566 1980 634 2042 quo
650 1967 733 2024 voto
744 1961 882 2037 emisso,
895 1960 946 2022 ita
960 1959 1058 2023 ducis
1073 1961 1164 2026 vires
1183 1963 1285 2027 reflo-

337 2060 459 2135 ruisse,
476 2066 515 2122 ut
530 2059 679 2123 nodosos
698 2060 833 2141 integer
848 2066 957 2135 arturi,
973 2066 1009 2122 et
1023 2059 1177 2141 spatioso
1189 2082 1283 2127 erec-

336 2165 393 2221 tus
407 2166 557 2241 pectore,
572 2159 671 2241 quasi
691 2159 932 2241 squalentibus
954 2159 1054 2222 annis
1069 2168 1207 2237 exutus,
1231 2183 1285 2226 re·
1307 2210 1310 2219 .

336 2257 428 2321 oenti
441 2259 603 2322 emicaret
613 2259 771 2342 juventa.
825 2257 955 2336 Quare,
969 2258 1097 2322 divinis
1110 2260 1285 2325 beneficiis

334 2357 371 2420 in
406 2376 443 2421 se
474 2359 726 2422 confluentibus
758 2376 998 2439 responsurus,
1033 2357 1283 2442 lerosolymam
1330 2417 1334 2425 .

334 2456 400 2521 ivit
410 2458 466 2522 vel
481 2458 610 2539 primus
629 2458 684 2522 vel
698 2477 776 2521 cum
790 2457 922 2538 primis,
938 2476 1084 2538 magnas
1099 2458 1136 2521 in
1152 2461 1281 2524 bellum

335 2556 476 2620 trahens
504 2564 682 2636 catervas3
706 2564 742 2620 et
763 2556 922 2638 quamvis
944 2556 1068 2620 durum
1094 2565 1130 2620 et
1151 2561 1284 2623 exerci-

335 2662 447 2718 tatum
460 2656 603 2720 militem
617 2657 771 2732 haberet,
787 2656 903 2719 nullus
921 2662 1036 2719 tamen
1059 2675 1100 2719 eo
1115 2659 1171 2721 vel
1187 2660 1283 2740 prior

333 2754 370 2816 in
387 2775 585 2836 congressu,
596 2756 652 2819 vel
669 2756 859 2837 promptior
876 2756 912 2818 in
926 2754 1061 2832 effectu,
1077 2756 1281 2824 habebatur.

335 2855 494 2935 Denique
509 2863 628 2918 uotum
644 2863 708 2932 est,
723 2854 814 2936 quod
830 2854 1047 2931 Turcumfiu
1060 2853 1280 2923 Antiochena

334 2954 527 3018 obsidione·
544 2974 696 3036 pugnam
726 2954 936 3036 singularem
970 2962 1181 3035 poscentem,
1210 2978 1282 3022 me-

334 3053 427 3117 dium
449 3073 471 3116 a
490 3055 656 3118 lateribus
678 3054 794 3136 gladio
822 3053 1036 3135 Lotharingo
1059 3053 1282 3136 dissecuerit3

334 3160 369 3216 et
388 3154 463 3236 jam
487 3154 683 3236 palpitabat
705 3154 799 3217 arvis
829 3154 996 3217 medietas
1020 3153 1179 3234 hominis,
1202 3177 1282 3221 cum

332 3253 477 3317 alteram
497 3256 655 3336 cornipes
676 3254 807 3318 volucri
834 3273 935 3317 cursu
964 3255 1168 3334 asportavit,
1193 3257 1282 3321 adeo

333 3353 429 3416 firme
455 3354 580 3417 nebulo
604 3353 789 3417 insederat.
850 3351 1021 3429 Alterum,
1052 3347 1169 3435 ³aeque
1196 3376 1281 3420 cou-

331 3472 500 3534 gressum,
514 3454 641 3517 librata
656 3455 692 3517 in
706 3460 812 3534 caput
828 3452 953 3535 spatha
969 3471 991 3515 a
1008 3452 1135 3518 vertice
1157 3455 1201 3518 ad
1224 3457 1280 3519 in-

331 3552 438 3632 guina
453 3552 632 3634 diffiderit;
648 3546 729 3616 4nee
746 3552 857 3616 adhue
877 3553 967 3616 ictus
992 3551 1182 3617 horrendus
1208 3562 1280 3620 ste-

331 3653 423 3730 terit,
435 3653 495 3716 sed
509 3653 630 3716 sellam
647 3660 682 3716 et
693 3653 827 3734 spinam
844 3652 923 3734 equi
940 3653 1079 3734 penitus
1090 3653 1278 3720 disciderit.

331 3751 460 3817 Audivi
484 3772 642 3816 veracem
668 3752 841 3816 hominem
868 3751 1071 3815 referentem
1090 3753 1220 3818 vidisse
1241 3775 1281 3819 se

364 3980 373 4011 ¹
384 3975 565 4047 Documenta]
584 3980 613 4029 S.
629 3979 664 4028 D.
677 3980 725 4040 E.;
737 3979 790 4027 dis·
850 3976 860 4004 ³
871 3977 971 4040 AEque.]
983 3977 1054 4028 A.C.
1063 3979 1098 4029 D.
1106 3980 1138 4028 Ε.
1148 3980 1179 4029 L.
1187 3995 1195 4040 ς
1203 3995 1280 4044 equo,

328 4052 521 4183 cugrzlotllr'rthrn]
546 4121 573 4169 S.
594 4121 628 4169 D.
648 4120 680 4168 E.
688 4133 697 4182 ,·
724 4120 789 4167 sani·
816 4049 859 4147 ⁸⁸⁴
873 4099 1277 4186 Necadhuc...disriderit.]d.

326 4196 411 4255 tatem,
423 4193 454 4241 L.
816 4189 843 4238 S.
856 4190 884 4237 C.
895 4189 964 4238 D.E
972 4193 995 4237 2.
1008 4189 1171 4249 L.;omitted
1183 4189 1279 4241 inEl.
