<?xml version="1.0" encoding="UTF-8"?>
<!DOCTYPE html PUBLIC "-//W3C//DTD XHTML 1.0 Transitional//EN"
    "http://www.w3.org/TR/xhtml1/DTD/xhtml1-transitional.dtd">
<html xmlns="http://www.w3.org/1999/xhtml" xml:lang="en" lang="en">
 <head>
  <title>
</title>
<meta http-equiv="Content-Type" content="text/html;charset=utf-8" />
  <meta name='ocr-system' content='tesseract 3.04.00' />
  <meta name='ocr-capabilities' content='ocr_page ocr_carea ocr_par ocr_line ocrx_word'/>
</head>
<body>
  <div class='ocr_page' id='page_1' title='image "./gestaregumanglo00willgoog_0081.png"; bbox 0 0 2866 4868; ppageno 0'>
   <div class='ocr_carea' id='block_1_1' title="bbox 340 394 1299 484">
    <p class='ocr_par' dir='ltr' id='par_1_1' title="bbox 340 394 1299 484">
     <span class='ocr_line' id='line_1_1' title="bbox 340 394 1299 484; baseline 0.006 -24"><span class='ocrx_word' id='word_1_1' title='bbox 340 394 408 460; x_wconf 84' lang='grc'><strong>458</strong></span> <span class='ocrx_word' id='word_1_2' title='bbox 557 413 672 462; x_wconf 75' lang='lat' dir='ltr'><strong>casm</strong></span> <span class='ocrx_word' id='word_1_3' title='bbox 695 414 822 463; x_wconf 82' lang='lat' dir='ltr'><strong>ascuu</strong></span> <span class='ocrx_word' id='word_1_4' title='bbox 846 414 1061 464; x_wconf 71' lang='lat' dir='ltr'><strong>suenorum</strong></span> <span class='ocrx_word' id='word_1_5' title='bbox 1135 401 1223 484; x_wconf 84' lang='lat' dir='ltr'><strong>[ms.</strong></span> <span class='ocrx_word' id='word_1_6' title='bbox 1239 417 1299 466; x_wconf 92' lang='lat'>111.</span> 
     </span>
    </p>
   </div>
   <div class='ocr_carea' id='block_1_2' title="bbox 72 570 1305 3458">
    <p class='ocr_par' dir='ltr' id='par_1_2' title="bbox 72 570 1298 668">
     <span class='ocr_line' id='line_1_2' title="bbox 72 570 1298 668; baseline 0.003 -34"><span class='ocrx_word' id='word_1_7' title='bbox 72 582 91 668; x_wconf 67' lang='lat' dir='ltr'><em>J</em></span> <span class='ocrx_word' id='word_1_8' title='bbox 183 589 315 642; x_wconf 68' lang='lat' dir='ltr'><strong>moedptton</strong></span> <span class='ocrx_word' id='word_1_9' title='bbox 396 571 414 656; x_wconf 82' lang='lat'>§</span> <span class='ocrx_word' id='word_1_10' title='bbox 437 570 512 636; x_wconf 72' lang='lat'><strong><em>279.</em></strong></span> <span class='ocrx_word' id='word_1_11' title='bbox 535 571 558 635; x_wconf 85' lang='lat' dir='ltr'>J</span> <span class='ocrx_word' id='word_1_12' title='bbox 562 579 651 636; x_wconf 82' lang='lat' dir='ltr'><strong>ustae</strong></span> <span class='ocrx_word' id='word_1_13' title='bbox 681 570 748 635; x_wconf 80' lang='lat' dir='ltr'><strong>fuit</strong></span> <span class='ocrx_word' id='word_1_14' title='bbox 777 578 935 650; x_wconf 82' lang='lat' dir='ltr'><strong>staturae,</strong></span> <span class='ocrx_word' id='word_1_15' title='bbox 961 573 1138 637; x_wconf 81' lang='lat' dir='ltr'><strong>immensa</strong></span> <span class='ocrx_word' id='word_1_16' title='bbox 1169 592 1298 657; x_wconf 87' lang='lat' dir='ltr'><strong>corpu-</strong></span> 
     </span>
    </p>

    <p class='ocr_par' dir='ltr' id='par_1_3' title="bbox 184 644 1297 756">
     <span class='ocr_line' id='line_1_3' title="bbox 184 644 1297 756; baseline 0.005 -23"><span class='ocrx_word' id='word_1_17' title='bbox 184 644 475 750; x_wconf 36' lang='lat' dir='ltr'><strong>dimittendae,</strong></span> <span class='ocrx_word' id='word_1_18' title='bbox 498 671 585 736; x_wconf 81' lang='lat' dir='ltr'><strong>facie</strong></span> <span class='ocrx_word' id='word_1_19' title='bbox 616 671 701 749; x_wconf 80' lang='lat' dir='ltr'><strong>fera,</strong></span> <span class='ocrx_word' id='word_1_20' title='bbox 727 671 839 737; x_wconf 80' lang='lat' dir='ltr'><strong>fronte</strong></span> <span class='ocrx_word' id='word_1_21' title='bbox 868 671 1003 756; x_wconf 78' lang='lat' dir='ltr'>capillis</span> <span class='ocrx_word' id='word_1_22' title='bbox 1029 673 1135 751; x_wconf 88' lang='lat' dir='ltr'><strong>nuda,</strong></span> <span class='ocrx_word' id='word_1_23' title='bbox 1160 675 1297 739; x_wconf 89' lang='lat' dir='ltr'><strong>roboris</strong></span> 
     </span>
    </p>

    <p class='ocr_par' dir='ltr' id='par_1_4' title="bbox 346 773 1298 857">
     <span class='ocr_line' id='line_1_4' title="bbox 346 773 1298 857; baseline 0.002 -19"><span class='ocrx_word' id='word_1_24' title='bbox 346 773 498 856; x_wconf 81' lang='lat' dir='ltr'><strong>ingentis</strong></span> <span class='ocrx_word' id='word_1_25' title='bbox 524 773 562 836; x_wconf 93' lang='lat' dir='ltr'><strong>in</strong></span> <span class='ocrx_word' id='word_1_26' title='bbox 583 773 735 850; x_wconf 89' lang='lat' dir='ltr'><strong>lacertis,</strong></span> <span class='ocrx_word' id='word_1_27' title='bbox 760 779 800 837; x_wconf 91' lang='lat' dir='ltr'><strong>ut</strong></span> <span class='ocrx_word' id='word_1_28' title='bbox 823 791 950 856; x_wconf 79' lang='lat' dir='ltr'><strong>magno</strong></span> <span class='ocrx_word' id='word_1_29' title='bbox 977 792 1072 856; x_wconf 73' lang='lat' dir='ltr'><strong>saepe</strong></span> <span class='ocrx_word' id='word_1_30' title='bbox 1096 775 1298 857; x_wconf 87' lang='lat' dir='ltr'><strong>spectaculo</strong></span> 
     </span>
    </p>

    <p class='ocr_par' dir='ltr' id='par_1_5' title="bbox 347 872 1299 958">
     <span class='ocr_line' id='line_1_5' title="bbox 347 872 1299 958; baseline 0 -20"><span class='ocrx_word' id='word_1_31' title='bbox 347 874 452 938; x_wconf 84' lang='lat' dir='ltr'><strong>suerit</strong></span> <span class='ocrx_word' id='word_1_32' title='bbox 466 873 559 956; x_wconf 88' lang='lat' dir='ltr'><strong>quod</strong></span> <span class='ocrx_word' id='word_1_33' title='bbox 574 893 675 938; x_wconf 88' lang='lat' dir='ltr'><strong>nemo</strong></span> <span class='ocrx_word' id='word_1_34' title='bbox 688 872 764 957; x_wconf 89' lang='lat' dir='ltr'><strong>ejus</strong></span> <span class='ocrx_word' id='word_1_35' title='bbox 783 892 902 937; x_wconf 89' lang='lat' dir='ltr'><strong>arcum</strong></span> <span class='ocrx_word' id='word_1_36' title='bbox 915 874 1084 952; x_wconf 82' lang='lat' dir='ltr'><strong>tenderet,</strong></span> <span class='ocrx_word' id='word_1_37' title='bbox 1099 894 1200 957; x_wconf 91' lang='lat' dir='ltr'><strong>quem</strong></span> <span class='ocrx_word' id='word_1_38' title='bbox 1220 875 1299 958; x_wconf 88' lang='lat' dir='ltr'><strong>ipse</strong></span> 
     </span>
    </p>

    <p class='ocr_par' dir='ltr' id='par_1_6' title="bbox 348 972 1298 1057">
     <span class='ocr_line' id='line_1_6' title="bbox 348 972 1298 1057; baseline 0.002 -19"><span class='ocrx_word' id='word_1_39' title='bbox 348 973 499 1038; x_wconf 90' lang='lat' dir='ltr'><strong>admisso</strong></span> <span class='ocrx_word' id='word_1_40' title='bbox 522 993 612 1056; x_wconf 88' lang='lat' dir='ltr'><strong>equo</strong></span> <span class='ocrx_word' id='word_1_41' title='bbox 638 972 783 1055; x_wconf 88' lang='lat' dir='ltr'><strong>pedibus</strong></span> <span class='ocrx_word' id='word_1_42' title='bbox 808 993 916 1039; x_wconf 90' lang='lat' dir='ltr'><strong>nervo</strong></span> <span class='ocrx_word' id='word_1_43' title='bbox 946 981 1091 1040; x_wconf 88' lang='lat' dir='ltr'><strong>extento</strong></span> <span class='ocrx_word' id='word_1_44' title='bbox 1120 975 1298 1057; x_wconf 81' lang='lat' dir='ltr'><strong>sinuaret3</strong></span> 
     </span>
    </p>

    <p class='ocr_par' dir='ltr' id='par_1_7' title="bbox 349 1073 1298 1158">
     <span class='ocr_line' id='line_1_7' title="bbox 349 1073 1298 1158; baseline 0.002 -20"><span class='ocrx_word' id='word_1_45' title='bbox 349 1093 485 1156; x_wconf 78' lang='lat' dir='ltr'><strong>magnae</strong></span> <span class='ocrx_word' id='word_1_46' title='bbox 512 1073 695 1156; x_wconf 81' lang='lat' dir='ltr'><strong>dignitatis</strong></span> <span class='ocrx_word' id='word_1_47' title='bbox 731 1073 855 1138; x_wconf 88' lang='lat' dir='ltr'><strong>sedens</strong></span> <span class='ocrx_word' id='word_1_48' title='bbox 886 1082 922 1139; x_wconf 89' lang='lat' dir='ltr'><strong>et</strong></span> <span class='ocrx_word' id='word_1_49' title='bbox 956 1081 1067 1153; x_wconf 88' lang='lat' dir='ltr'><strong>stans,</strong></span> <span class='ocrx_word' id='word_1_50' title='bbox 1097 1094 1298 1158; x_wconf 90' lang='lat' dir='ltr'><strong>quanquam</strong></span> 
     </span>
    </p>

    <p class='ocr_par' dir='ltr' id='par_1_8' title="bbox 349 1174 1300 1258">
     <span class='ocr_line' id='line_1_8' title="bbox 349 1174 1300 1258; baseline 0.002 -19"><span class='ocrx_word' id='word_1_51' title='bbox 349 1175 501 1240; x_wconf 79' lang='lat' dir='ltr'><strong>obesitas</strong></span> <span class='ocrx_word' id='word_1_52' title='bbox 529 1174 662 1239; x_wconf 85' lang='lat' dir='ltr'><strong>ventris</strong></span> <span class='ocrx_word' id='word_1_53' title='bbox 692 1174 795 1238; x_wconf 89' lang='lat' dir='ltr'><strong>nimis</strong></span> <span class='ocrx_word' id='word_1_54' title='bbox 823 1182 987 1258; x_wconf 89' lang='lat' dir='ltr'><strong>protensa</strong></span> <span class='ocrx_word' id='word_1_55' title='bbox 1013 1194 1139 1258; x_wconf 89' lang='lat' dir='ltr'><strong>corpus</strong></span> <span class='ocrx_word' id='word_1_56' title='bbox 1164 1176 1300 1258; x_wconf 78' lang='lat' dir='ltr'><strong>regium</strong></span> 
     </span>
    </p>

    <p class='ocr_par' dir='ltr' id='par_1_9' title="bbox 374 1274 1301 1358">
     <span class='ocr_line' id='line_1_9' title="bbox 374 1274 1301 1358; baseline 0.001 -19"><span class='ocrx_word' id='word_1_57' title='bbox 374 1274 577 1355; x_wconf 82' lang='lat' dir='ltr'><strong>eformaret3</strong></span> <span class='ocrx_word' id='word_1_58' title='bbox 600 1274 787 1338; x_wconf 77' lang='lat' dir='ltr'><strong>commodae</strong></span> <span class='ocrx_word' id='word_1_59' title='bbox 811 1275 1032 1353; x_wconf 86' lang='lat' dir='ltr'><strong>valetudinis,</strong></span> <span class='ocrx_word' id='word_1_60' title='bbox 1055 1282 1095 1340; x_wconf 92' lang='lat' dir='ltr'><strong>ut</strong></span> <span class='ocrx_word' id='word_1_61' title='bbox 1122 1275 1184 1358; x_wconf 90' lang='lat' dir='ltr'><strong>qui</strong></span> <span class='ocrx_word' id='word_1_62' title='bbox 1209 1295 1301 1340; x_wconf 88' lang='lat' dir='ltr'><strong>nun-</strong></span> 
     </span>
    </p>

    <p class='ocr_par' dir='ltr' id='par_1_10' title="bbox 351 1373 1300 1458">
     <span class='ocr_line' id='line_1_10' title="bbox 351 1373 1300 1458; baseline 0.003 -20"><span class='ocrx_word' id='word_1_63' title='bbox 351 1393 456 1458; x_wconf 89' lang='lat' dir='ltr'><strong>qnam</strong></span> <span class='ocrx_word' id='word_1_64' title='bbox 470 1373 588 1458; x_wconf 86' lang='lat' dir='ltr'><strong>aliquo</strong></span> <span class='ocrx_word' id='word_1_65' title='bbox 606 1376 726 1439; x_wconf 91' lang='lat' dir='ltr'><strong>morbo</strong></span> <span class='ocrx_word' id='word_1_66' title='bbox 741 1375 935 1457; x_wconf 88' lang='lat' dir='ltr'><strong>periculoso</strong></span> <span class='ocrx_word' id='word_1_67' title='bbox 948 1383 1076 1458; x_wconf 82' lang='lat' dir='ltr'><strong>praeter</strong></span> <span class='ocrx_word' id='word_1_68' title='bbox 1090 1377 1127 1439; x_wconf 92' lang='lat' dir='ltr'><strong>in</strong></span> <span class='ocrx_word' id='word_1_69' title='bbox 1142 1383 1300 1442; x_wconf 81' lang='lat' dir='ltr'><strong>extremo</strong></span> 
     </span>
    </p>

    <p class='ocr_par' dir='ltr' id='par_1_11' title="bbox 350 1475 1301 1555">
     <span class='ocr_line' id='line_1_11' title="bbox 350 1475 1301 1555; baseline 0.002 -16"><span class='ocrx_word' id='word_1_70' title='bbox 350 1476 573 1555; x_wconf 80' lang='lat' dir='ltr'><strong>decubuerit3</strong></span> <span class='ocrx_word' id='word_1_71' title='bbox 595 1475 762 1539; x_wconf 88' lang='lat' dir='ltr'><strong>exercitio</strong></span> <span class='ocrx_word' id='word_1_72' title='bbox 782 1494 961 1539; x_wconf 87' lang='lat' dir='ltr'><strong>nemorum</strong></span> <span class='ocrx_word' id='word_1_73' title='bbox 978 1475 1066 1541; x_wconf 87' lang='lat' dir='ltr'><strong>adeo</strong></span> <span class='ocrx_word' id='word_1_74' title='bbox 1089 1475 1239 1554; x_wconf 89' lang='lat' dir='ltr'><strong>deditus,</strong></span> <span class='ocrx_word' id='word_1_75' title='bbox 1257 1488 1301 1542; x_wconf 90' lang='lat' dir='ltr'><strong>ut</strong></span> 
     </span>
    </p>

    <p class='ocr_par' dir='ltr' id='par_1_12' title="bbox 350 1572 1301 1660">
     <span class='ocr_line' id='line_1_12' title="bbox 350 1572 1301 1660; baseline 0.003 -22"><span class='ocrx_word' id='word_1_76' title='bbox 350 1574 460 1660; x_wconf 90' lang='lat' dir='ltr'><strong>(siout</strong></span> <span class='ocrx_word' id='word_1_77' title='bbox 475 1572 640 1659; x_wconf 76' lang='lat' dir='ltr'><strong>praedixi)</strong></span> <span class='ocrx_word' id='word_1_78' title='bbox 653 1575 764 1639; x_wconf 89' lang='lat' dir='ltr'><strong>multa</strong></span> <span class='ocrx_word' id='word_1_79' title='bbox 777 1575 887 1638; x_wconf 90' lang='lat' dir='ltr'><strong>millia</strong></span> <span class='ocrx_word' id='word_1_80' title='bbox 905 1574 1027 1659; x_wconf 89' lang='lat' dir='ltr'><strong>ejectis</strong></span> <span class='ocrx_word' id='word_1_81' title='bbox 1048 1576 1301 1641; x_wconf 89' lang='lat' dir='ltr'><strong>habitatoribus</strong></span> 
     </span>
    </p>

    <p class='ocr_par' dir='ltr' id='par_1_13' title="bbox 350 1674 1302 1759">
     <span class='ocr_line' id='line_1_13' title="bbox 350 1674 1302 1759; baseline 0.004 -21"><span class='ocrx_word' id='word_1_82' title='bbox 350 1674 535 1739; x_wconf 87' lang='lat' dir='ltr'><strong>silvescere</strong></span> <span class='ocrx_word' id='word_1_83' title='bbox 551 1676 703 1759; x_wconf 89' lang='lat' dir='ltr'><strong>juberet,</strong></span> <span class='ocrx_word' id='word_1_84' title='bbox 730 1675 766 1738; x_wconf 93' lang='lat' dir='ltr'><strong>in</strong></span> <span class='ocrx_word' id='word_1_85' title='bbox 787 1676 925 1758; x_wconf 74' lang='lat' dir='ltr'><strong>quibust,</strong></span> <span class='ocrx_word' id='word_1_86' title='bbox 948 1694 970 1739; x_wconf 91' lang='lat' dir='ltr'><strong>a</strong></span> <span class='ocrx_word' id='word_1_87' title='bbox 992 1677 1127 1740; x_wconf 86' lang='lat' dir='ltr'><strong>eaeteris</strong></span> <span class='ocrx_word' id='word_1_88' title='bbox 1150 1677 1302 1759; x_wconf 79' lang='lat' dir='ltr'><strong>negotiis</strong></span> 
     </span>
    </p>

    <p class='ocr_par' dir='ltr' id='par_1_14' title="bbox 351 1774 1301 1861">
     <span class='ocr_line' id='line_1_14' title="bbox 351 1774 1301 1861; baseline 0.003 -23"><span class='ocrx_word' id='word_1_89' title='bbox 351 1783 529 1853; x_wconf 85' lang='lat' dir='ltr'><strong>avocatus,</strong></span> <span class='ocrx_word' id='word_1_90' title='bbox 546 1776 699 1839; x_wconf 90' lang='lat' dir='ltr'><strong>animum</strong></span> <span class='ocrx_word' id='word_1_91' title='bbox 715 1775 916 1839; x_wconf 88' lang='lat' dir='ltr'><strong>remitteret.</strong></span> <span class='ocrx_word' id='word_1_92' title='bbox 968 1774 1139 1841; x_wconf 83' lang='lat' dir='ltr'><strong>Convivia</strong></span> <span class='ocrx_word' id='word_1_93' title='bbox 1155 1777 1192 1840; x_wconf 93' lang='lat' dir='ltr'><strong>in</strong></span> <span class='ocrx_word' id='word_1_94' title='bbox 1210 1797 1301 1861; x_wconf 86' lang='lat' dir='ltr'><strong>prae-</strong></span> 
     </span>
    </p>

    <p class='ocr_par' dir='ltr' id='par_1_15' title="bbox 351 1875 1302 1958">
     <span class='ocr_line' id='line_1_15' title="bbox 351 1875 1302 1958; baseline 0.002 -19"><span class='ocrx_word' id='word_1_95' title='bbox 351 1876 462 1958; x_wconf 91' lang='lat' dir='ltr'><strong>cipuis</strong></span> <span class='ocrx_word' id='word_1_96' title='bbox 483 1875 732 1941; x_wconf 83' lang='lat' dir='ltr'><strong>festivitatibus</strong></span> <span class='ocrx_word' id='word_1_97' title='bbox 753 1883 958 1958; x_wconf 89' lang='lat' dir='ltr'><strong>sumptuosa</strong></span> <span class='ocrx_word' id='word_1_98' title='bbox 975 1883 1012 1941; x_wconf 88' lang='lat' dir='ltr'><strong>et</strong></span> <span class='ocrx_word' id='word_1_99' title='bbox 1028 1876 1213 1958; x_wconf 81' lang='lat' dir='ltr'><strong>magnifica</strong></span> <span class='ocrx_word' id='word_1_100' title='bbox 1235 1877 1302 1941; x_wconf 92' lang='lat' dir='ltr'><strong>iui-</strong></span> 
     </span>
    </p>

    <p class='ocr_par' dir='ltr' id='par_1_16' title="bbox 352 1974 1303 2059">
     <span class='ocr_line' id='line_1_16' title="bbox 352 1974 1303 2059; baseline 0.003 -20"><span class='ocrx_word' id='word_1_101' title='bbox 352 1977 435 2056; x_wconf 90' lang='lat' dir='ltr'><strong>bat;</strong></span> <span class='ocrx_word' id='word_1_102' title='bbox 460 1975 590 2041; x_wconf 86' lang='lat' dir='ltr'><strong>Natale</strong></span> <span class='ocrx_word' id='word_1_103' title='bbox 611 1976 753 2040; x_wconf 89' lang='lat' dir='ltr'><strong>Domini</strong></span> <span class='ocrx_word' id='word_1_104' title='bbox 777 1975 870 2059; x_wconf 90' lang='lat' dir='ltr'><strong>apud</strong></span> <span class='ocrx_word' id='word_1_105' title='bbox 896 1974 1148 2055; x_wconf 86' lang='lat' dir='ltr'><strong>Gloecestram,</strong></span> <span class='ocrx_word' id='word_1_106' title='bbox 1164 1976 1303 2042; x_wconf 80' lang='lat' dir='ltr'><strong>Pascha</strong></span> 
     </span>
    </p>

    <p class='ocr_par' dir='ltr' id='par_1_17' title="bbox 352 2075 1301 2159">
     <span class='ocr_line' id='line_1_17' title="bbox 352 2075 1301 2159; baseline 0.003 -20"><span class='ocrx_word' id='word_1_107' title='bbox 352 2076 446 2158; x_wconf 87' lang='lat' dir='ltr'><strong>apud</strong></span> <span class='ocrx_word' id='word_1_108' title='bbox 478 2076 707 2153; x_wconf 88' lang='lat' dir='ltr'><strong>Wintoniam,</strong></span> <span class='ocrx_word' id='word_1_109' title='bbox 739 2075 972 2140; x_wconf 87' lang='lat' dir='ltr'><strong>Pentecosten</strong></span> <span class='ocrx_word' id='word_1_110' title='bbox 1003 2076 1096 2159; x_wconf 90' lang='lat' dir='ltr'><strong>apud</strong></span> <span class='ocrx_word' id='word_1_111' title='bbox 1123 2077 1301 2143; x_wconf 80' lang='lat' dir='ltr'><strong>westmo-</strong></span> 
     </span>
    </p>

    <p class='ocr_par' dir='ltr' id='par_1_18' title="bbox 352 2174 1303 2259">
     <span class='ocr_line' id='line_1_18' title="bbox 352 2174 1303 2259; baseline 0.004 -20"><span class='ocrx_word' id='word_1_112' title='bbox 352 2176 541 2240; x_wconf 86' lang='lat' dir='ltr'><strong>nasterium</strong></span> <span class='ocrx_word' id='word_1_113' title='bbox 559 2195 667 2259; x_wconf 80' lang='lat' dir='ltr'><strong>agens</strong></span> <span class='ocrx_word' id='word_1_114' title='bbox 681 2176 868 2259; x_wconf 82' lang='lat' dir='ltr'><strong>quotannis</strong></span> <span class='ocrx_word' id='word_1_115' title='bbox 881 2177 1007 2259; x_wconf 91' lang='lat' dir='ltr'><strong>quibus</strong></span> <span class='ocrx_word' id='word_1_116' title='bbox 1029 2177 1066 2240; x_wconf 92' lang='lat' dir='ltr'><strong>in</strong></span> <span class='ocrx_word' id='word_1_117' title='bbox 1080 2174 1212 2259; x_wconf 81' lang='lat' dir='ltr'><strong>Anglia</strong></span> <span class='ocrx_word' id='word_1_118' title='bbox 1226 2197 1303 2243; x_wconf 92' lang='lat' dir='ltr'><strong>mo·</strong></span> 
     </span>
    </p>

    <p class='ocr_par' dir='ltr' id='par_1_19' title="bbox 352 2276 1303 2360">
     <span class='ocr_line' id='line_1_19' title="bbox 352 2276 1303 2360; baseline 0.004 -22"><span class='ocrx_word' id='word_1_119' title='bbox 352 2276 423 2338; x_wconf 85' lang='lat' dir='ltr'><strong>rari</strong></span> <span class='ocrx_word' id='word_1_120' title='bbox 445 2276 582 2340; x_wconf 87' lang='lat' dir='ltr'><strong>liceret:</strong></span> <span class='ocrx_word' id='word_1_121' title='bbox 606 2295 725 2341; x_wconf 91' lang='lat' dir='ltr'><strong>omnes</strong></span> <span class='ocrx_word' id='word_1_122' title='bbox 750 2295 791 2340; x_wconf 92' lang='lat' dir='ltr'><strong>eo</strong></span> <span class='ocrx_word' id='word_1_123' title='bbox 817 2276 1054 2360; x_wconf 88' lang='lat' dir='ltr'><strong>cujuscunque</strong></span> <span class='ocrx_word' id='word_1_124' title='bbox 1077 2276 1303 2360; x_wconf 82' lang='lat' dir='ltr'><strong>professionis</strong></span> 
     </span>
    </p>

    <p class='ocr_par' dir='ltr' id='par_1_20' title="bbox 353 2375 1303 2458">
     <span class='ocr_line' id='line_1_20' title="bbox 353 2375 1303 2458; baseline 0.004 -21"><span class='ocrx_word' id='word_1_125' title='bbox 353 2380 535 2456; x_wconf 82' lang='lat' dir='ltr'><strong>magnates</strong></span> <span class='ocrx_word' id='word_1_126' title='bbox 560 2377 692 2458; x_wconf 86' lang='lat' dir='ltr'><strong>regium</strong></span> <span class='ocrx_word' id='word_1_127' title='bbox 717 2375 868 2441; x_wconf 88' lang='lat' dir='ltr'><strong>edietum</strong></span> <span class='ocrx_word' id='word_1_128' title='bbox 893 2376 1114 2454; x_wconf 82' lang='lat' dir='ltr'><strong>accersiebat,</strong></span> <span class='ocrx_word' id='word_1_129' title='bbox 1139 2383 1180 2441; x_wconf 89' lang='lat' dir='ltr'><strong>nt</strong></span> <span class='ocrx_word' id='word_1_130' title='bbox 1203 2385 1303 2442; x_wconf 87' lang='lat' dir='ltr'><strong>exte·</strong></span> 
     </span>
    </p>

    <p class='ocr_par' dir='ltr' id='par_1_21' title="bbox 353 2475 1303 2560">
     <span class='ocr_line' id='line_1_21' title="bbox 353 2475 1303 2560; baseline 0.004 -22"><span class='ocrx_word' id='word_1_131' title='bbox 353 2493 469 2538; x_wconf 86' lang='lat' dir='ltr'><strong>rarum</strong></span> <span class='ocrx_word' id='word_1_132' title='bbox 484 2475 638 2557; x_wconf 87' lang='lat' dir='ltr'><strong>gentium</strong></span> <span class='ocrx_word' id='word_1_133' title='bbox 654 2476 761 2558; x_wconf 82' lang='lat' dir='ltr'><strong>legati</strong></span> <span class='ocrx_word' id='word_1_134' title='bbox 781 2476 931 2558; x_wconf 86' lang='lat' dir='ltr'><strong>speciem</strong></span> <span class='ocrx_word' id='word_1_135' title='bbox 948 2476 1179 2541; x_wconf 88' lang='lat' dir='ltr'><strong>multitudinis</strong></span> <span class='ocrx_word' id='word_1_136' title='bbox 1193 2496 1303 2560; x_wconf 88' lang='lat' dir='ltr'><strong>appa·</strong></span> 
     </span>
    </p>

    <p class='ocr_par' dir='ltr' id='par_1_22' title="bbox 353 2574 1303 2657">
     <span class='ocr_line' id='line_1_22' title="bbox 353 2574 1303 2657; baseline 0.004 -19"><span class='ocrx_word' id='word_1_137' title='bbox 353 2582 537 2657; x_wconf 89' lang='lat' dir='ltr'><strong>ratumque</strong></span> <span class='ocrx_word' id='word_1_138' title='bbox 549 2574 749 2641; x_wconf 87' lang='lat' dir='ltr'><strong>deliciarum</strong></span> <span class='ocrx_word' id='word_1_139' title='bbox 763 2577 981 2640; x_wconf 88' lang='lat' dir='ltr'><strong>mirarentur.</strong></span> <span class='ocrx_word' id='word_1_140' title='bbox 1033 2576 1109 2641; x_wconf 93' lang='lat' dir='ltr'><strong>Nec</strong></span> <span class='ocrx_word' id='word_1_141' title='bbox 1124 2577 1197 2642; x_wconf 87' lang='lat' dir='ltr'><strong>ullo</strong></span> <span class='ocrx_word' id='word_1_142' title='bbox 1214 2585 1303 2642; x_wconf 89' lang='lat' dir='ltr'><strong>tem·</strong></span> 
     </span>
    </p>

    <p class='ocr_par' dir='ltr' id='par_1_23' title="bbox 353 2675 1304 2761">
     <span class='ocr_line' id='line_1_23' title="bbox 353 2675 1304 2761; baseline 0.007 -25"><span class='ocrx_word' id='word_1_143' title='bbox 353 2693 437 2755; x_wconf 90' lang='lat' dir='ltr'><strong>pore</strong></span> <span class='ocrx_word' id='word_1_144' title='bbox 464 2675 593 2740; x_wconf 92' lang='lat' dir='ltr'><strong>comior</strong></span> <span class='ocrx_word' id='word_1_145' title='bbox 614 2684 677 2740; x_wconf 90' lang='lat' dir='ltr'><strong>aut</strong></span> <span class='ocrx_word' id='word_1_146' title='bbox 697 2675 900 2758; x_wconf 82' lang='lat' dir='ltr'><strong>indulgendi</strong></span> <span class='ocrx_word' id='word_1_147' title='bbox 922 2675 1056 2750; x_wconf 84' lang='lat' dir='ltr'><strong>facilior</strong></span> <span class='ocrx_word' id='word_1_148' title='bbox 1072 2684 1159 2755; x_wconf 84' lang='lat' dir='ltr'><strong>erat,</strong></span> <span class='ocrx_word' id='word_1_149' title='bbox 1181 2686 1221 2743; x_wconf 91' lang='lat' dir='ltr'><strong>ut</strong></span> <span class='ocrx_word' id='word_1_150' title='bbox 1242 2679 1304 2761; x_wconf 90' lang='lat' dir='ltr'><strong>qui</strong></span> 
     </span>
    </p>

    <p class='ocr_par' dir='ltr' id='par_1_24' title="bbox 354 2774 1305 2861">
     <span class='ocr_line' id='line_1_24' title="bbox 354 2774 1305 2861; baseline 0.006 -25"><span class='ocrx_word' id='word_1_151' title='bbox 354 2774 567 2839; x_wconf 85' lang='lat' dir='ltr'><strong>advenerant</strong></span> <span class='ocrx_word' id='word_1_152' title='bbox 580 2775 778 2858; x_wconf 85' lang='lat' dir='ltr'><strong>largitatem</strong></span> <span class='ocrx_word' id='word_1_153' title='bbox 800 2776 877 2861; x_wconf 85' lang='lat' dir='ltr'><strong>ejus</strong></span> <span class='ocrx_word' id='word_1_154' title='bbox 900 2795 978 2839; x_wconf 92' lang='lat' dir='ltr'><strong>cum</strong></span> <span class='ocrx_word' id='word_1_155' title='bbox 999 2775 1129 2840; x_wconf 88' lang='lat' dir='ltr'><strong>divitiis</strong></span> <span class='ocrx_word' id='word_1_156' title='bbox 1151 2795 1305 2861; x_wconf 87' lang='lat' dir='ltr'><strong>conqua-</strong></span> 
     </span>
    </p>

    <p class='ocr_par' dir='ltr' id='par_1_25' title="bbox 354 2873 1304 2961">
     <span class='ocr_line' id='line_1_25' title="bbox 354 2873 1304 2961; baseline 0.007 -25"><span class='ocrx_word' id='word_1_157' title='bbox 354 2873 455 2938; x_wconf 87' lang='lat' dir='ltr'><strong>drare</strong></span> <span class='ocrx_word' id='word_1_158' title='bbox 468 2876 594 2958; x_wconf 91' lang='lat' dir='ltr'><strong>ubique</strong></span> <span class='ocrx_word' id='word_1_159' title='bbox 608 2877 763 2958; x_wconf 87' lang='lat' dir='ltr'><strong>gentium</strong></span> <span class='ocrx_word' id='word_1_160' title='bbox 774 2877 992 2961; x_wconf 85' lang='lat' dir='ltr'><strong>jactitarent.</strong></span> <span class='ocrx_word' id='word_1_161' title='bbox 1043 2875 1158 2955; x_wconf 86' lang='lat' dir='ltr'><strong>Quem</strong></span> <span class='ocrx_word' id='word_1_162' title='bbox 1172 2897 1304 2943; x_wconf 87' lang='lat' dir='ltr'><strong>morem</strong></span> 
     </span>
    </p>

    <p class='ocr_par' dir='ltr' id='par_1_26' title="bbox 354 2971 1303 3139">
     <span class='ocr_line' id='line_1_26' title="bbox 354 2971 1303 3057; baseline 0.009 -21"><span class='ocrx_word' id='word_1_163' title='bbox 354 2974 561 3039; x_wconf 86' lang='lat' dir='ltr'><strong>convivandi</strong></span> <span class='ocrx_word' id='word_1_164' title='bbox 571 2976 701 3057; x_wconf 91' lang='lat' dir='ltr'><strong>primus</strong></span> <span class='ocrx_word' id='word_1_165' title='bbox 714 2995 893 3042; x_wconf 88' lang='lat' dir='ltr'><strong>successor</strong></span> <span class='ocrx_word' id='word_1_166' title='bbox 906 2976 1078 3040; x_wconf 87' lang='lat' dir='ltr'><strong>obstinate</strong></span> <span class='ocrx_word' id='word_1_167' title='bbox 1093 2978 1216 3056; x_wconf 90' lang='lat' dir='ltr'><strong>tenuit,</strong></span> <span class='ocrx_word' id='word_1_168' title='bbox 1231 2971 1303 3045; x_wconf 71' lang='lat' dir='ltr'><strong>‘se-</strong></span> 
     </span>
     <span class='ocr_line' id='line_1_27' title="bbox 354 3074 630 3139; baseline 0.011 -3"><span class='ocrx_word' id='word_1_169' title='bbox 354 3074 488 3137; x_wconf 88' lang='lat' dir='ltr'><strong>eundus</strong></span> <span class='ocrx_word' id='word_1_170' title='bbox 503 3075 630 3139; x_wconf 88' lang='lat' dir='ltr'><strong>omisit.</strong></span> 
     </span>
    </p>

    <p class='ocr_par' dir='ltr' id='par_1_27' title="bbox 407 3168 1302 3262">
     <span class='ocr_line' id='line_1_28' title="bbox 407 3168 1302 3262; baseline 0.004 -24"><span class='ocrx_word' id='word_1_171' title='bbox 407 3173 515 3257; x_wconf 68' lang='lat'><strong>5280.</strong></span> <span class='ocrx_word' id='word_1_172' title='bbox 542 3174 626 3239; x_wconf 88' lang='lat' dir='ltr'><strong>Sola</strong></span> <span class='ocrx_word' id='word_1_173' title='bbox 648 3183 702 3239; x_wconf 90' lang='lat' dir='ltr'><strong>est</strong></span> <span class='ocrx_word' id='word_1_174' title='bbox 721 3174 764 3239; x_wconf 91' lang='lat' dir='ltr'><strong>de</strong></span> <span class='ocrx_word' id='word_1_175' title='bbox 787 3194 858 3258; x_wconf 91' lang='lat' dir='ltr'><strong>qna</strong></span> <span class='ocrx_word' id='word_1_176' title='bbox 871 3168 1045 3240; x_wconf 82' lang='lat' dir='ltr'><strong>²nonnihil</strong></span> <span class='ocrx_word' id='word_1_177' title='bbox 1061 3176 1220 3260; x_wconf 90' lang='lat' dir='ltr'><strong>culpetur</strong></span> <span class='ocrx_word' id='word_1_178' title='bbox 1241 3197 1302 3262; x_wconf 86' lang='lat' dir='ltr'><strong>pa·</strong></span> 
     </span>
    </p>

    <p class='ocr_par' dir='ltr' id='par_1_28' title="bbox 216 3247 1302 3359">
     <span class='ocr_line' id='line_1_29' title="bbox 216 3247 1302 3359; baseline 0.007 -24"><span class='ocrx_word' id='word_1_179' title='bbox 216 3247 242 3276; x_wconf 70' lang='lat'><strong>⁰⁰</strong></span> <span class='ocrx_word' id='word_1_180' title='bbox 271 3266 276 3277; x_wconf 83' lang='grc'><em>’</em></span> <span class='ocrx_word' id='word_1_181' title='bbox 353 3274 465 3338; x_wconf 74' lang='lat' dir='ltr'><strong>cuniae</strong></span> <span class='ocrx_word' id='word_1_182' title='bbox 476 3268 660 3357; x_wconf 82' lang='lat' dir='ltr'><strong>³aggestio,</strong></span> <span class='ocrx_word' id='word_1_183' title='bbox 676 3295 780 3358; x_wconf 89' lang='lat' dir='ltr'><strong>quam</strong></span> <span class='ocrx_word' id='word_1_184' title='bbox 792 3276 1020 3358; x_wconf 86' lang='lat' dir='ltr'><strong>undecunque</strong></span> <span class='ocrx_word' id='word_1_185' title='bbox 1035 3277 1184 3359; x_wconf 89' lang='lat' dir='ltr'><strong>captatis</strong></span> <span class='ocrx_word' id='word_1_186' title='bbox 1200 3298 1302 3343; x_wconf 89' lang='lat' dir='ltr'><strong>occa·</strong></span> 
     </span>
    </p>

    <p class='ocr_par' dir='ltr' id='par_1_29' title="bbox 353 3368 1303 3458">
     <span class='ocr_line' id='line_1_30' title="bbox 353 3368 1303 3458; baseline 0.007 -22"><span class='ocrx_word' id='word_1_187' title='bbox 353 3368 716 3452; x_wconf 76' lang='lat' dir='ltr'><strong>sionibus,⁴honestas</strong></span> <span class='ocrx_word' id='word_1_188' title='bbox 737 3376 839 3441; x_wconf 91' lang='lat' dir='ltr'><strong>modo</strong></span> <span class='ocrx_word' id='word_1_189' title='bbox 862 3383 897 3440; x_wconf 91' lang='lat' dir='ltr'><strong>et</strong></span> <span class='ocrx_word' id='word_1_190' title='bbox 920 3377 1017 3458; x_wconf 78' lang='lat' dir='ltr'><strong>regia</strong></span> <span class='ocrx_word' id='word_1_191' title='bbox 1041 3376 1212 3458; x_wconf 84' lang='lat' dir='ltr'><strong>dignitate</strong></span> <span class='ocrx_word' id='word_1_192' title='bbox 1233 3398 1303 3443; x_wconf 90' lang='lat' dir='ltr'><strong>non</strong></span> 
     </span>
    </p>
   </div>
   <div class='ocr_carea' id='block_1_3' title="bbox 352 3472 1303 3662">
    <p class='ocr_par' dir='ltr' id='par_1_30' title="bbox 352 3472 1303 3662">
     <span class='ocr_line' id='line_1_31' title="bbox 354 3472 1302 3563; baseline 0.008 -28"><span class='ocrx_word' id='word_1_193' title='bbox 354 3472 532 3538; x_wconf 81' lang='lat' dir='ltr'><strong>inferiores</strong></span> <span class='ocrx_word' id='word_1_194' title='bbox 557 3484 677 3558; x_wconf 89' lang='lat' dir='ltr'><strong>posset</strong></span> <span class='ocrx_word' id='word_1_195' title='bbox 702 3476 827 3563; x_wconf 89' lang='lat' dir='ltr'><strong>dicere,</strong></span> <span class='ocrx_word' id='word_1_196' title='bbox 850 3477 1096 3558; x_wconf 85' lang='lat' dir='ltr'><strong>congregabat.</strong></span> <span class='ocrx_word' id='word_1_197' title='bbox 1149 3477 1216 3551; x_wconf 89' lang='lat' dir='ltr'><strong>Sed</strong></span> <span class='ocrx_word' id='word_1_198' title='bbox 1239 3499 1302 3543; x_wconf 85' lang='lat' dir='ltr'><strong>ex·</strong></span> 
     </span>
     <span class='ocr_line' id='line_1_32' title="bbox 352 3574 1303 3662; baseline 0.008 -26"><span class='ocrx_word' id='word_1_199' title='bbox 352 3574 531 3638; x_wconf 86' lang='lat' dir='ltr'><strong>cusabitur</strong></span> <span class='ocrx_word' id='word_1_200' title='bbox 545 3574 657 3654; x_wconf 80' lang='lat' dir='ltr'><strong>facile,</strong></span> <span class='ocrx_word' id='word_1_201' title='bbox 674 3575 757 3658; x_wconf 88' lang='lat' dir='ltr'><strong>quia</strong></span> <span class='ocrx_word' id='word_1_202' title='bbox 775 3596 903 3641; x_wconf 87' lang='lat' dir='ltr'><strong>novum</strong></span> <span class='ocrx_word' id='word_1_203' title='bbox 927 3596 1071 3658; x_wconf 81' lang='lat' dir='ltr'><strong>regnum</strong></span> <span class='ocrx_word' id='word_1_204' title='bbox 1086 3578 1160 3642; x_wconf 91' lang='lat' dir='ltr'><strong>sine</strong></span> <span class='ocrx_word' id='word_1_205' title='bbox 1174 3598 1303 3662; x_wconf 82' lang='lat' dir='ltr'><strong>magna</strong></span> 
     </span>
    </p>
   </div>
   <div class='ocr_carea' id='block_1_4' title="bbox 353 3796 1412 4278">
    <p class='ocr_par' dir='ltr' id='par_1_31' title="bbox 390 3796 1304 3888">
     <span class='ocr_line' id='line_1_33' title="bbox 390 3796 1304 3888; baseline 0.009 -41"><span class='ocrx_word' id='word_1_206' title='bbox 390 3796 397 3826; x_wconf 91' lang='lat'><strong>¹</strong></span> <span class='ocrx_word' id='word_1_207' title='bbox 417 3798 541 3848; x_wconf 76' lang='lat' dir='ltr'><strong>Secundus</strong></span> <span class='ocrx_word' id='word_1_208' title='bbox 559 3797 663 3871; x_wconf 77' lang='lat' dir='ltr'><strong>omisit]</strong></span> <span class='ocrx_word' id='word_1_209' title='bbox 685 3803 732 3853; x_wconf 87' lang='lat' dir='ltr'><strong>See</strong></span> <span class='ocrx_word' id='word_1_210' title='bbox 751 3808 818 3866; x_wconf 84' lang='lat' dir='ltr'><strong>post,</strong></span> <span class='ocrx_word' id='word_1_211' title='bbox 876 3800 1023 3852; x_wconf 56' lang='lat' dir='ltr'><strong>moneam</strong></span> <span class='ocrx_word' id='word_1_212' title='bbox 1106 3799 1304 3888; x_wconf 51' lang='grc' dir='ltr'><strong>Μυκη]</strong></span> 
     </span>
    </p>

    <p class='ocr_par' dir='ltr' id='par_1_32' title="bbox 353 3870 1304 4025">
     <span class='ocr_line' id='line_1_34' title="bbox 353 3870 778 4019; baseline 0.008 -33"><span class='ocrx_word' id='word_1_213' title='bbox 353 3870 438 4019; x_wconf 60' lang='lat'>³⁴2⁰}</span> <span class='ocrx_word' id='word_1_214' title='bbox 773 3979 778 3989; x_wconf 85' lang='lat'><em>.</em></span> 
     </span>
    </p>

    <p class='ocr_par' dir='ltr' id='par_1_33' title="bbox 355 3967 1412 4218">
     <span class='ocr_line' id='line_1_35' title="bbox 355 3967 1303 4090; baseline 0.008 -33"><span class='ocrx_word' id='word_1_215' title='bbox 355 4041 376 4090; x_wconf 60' lang='grc' dir='ltr'><strong><em>Δ</em></strong></span> <span class='ocrx_word' id='word_1_216' title='bbox 400 3986 483 4090; x_wconf 50' lang='grc' dir='ltr'><strong>εἵη</strong></span> <span class='ocrx_word' id='word_1_217' title='bbox 533 3967 553 4042; x_wconf 82' lang='lat'><strong>]</strong></span> <span class='ocrx_word' id='word_1_218' title='bbox 591 4009 597 4023; x_wconf 90' lang='lat'>&#39;</span> <span class='ocrx_word' id='word_1_219' title='bbox 638 4011 644 4024; x_wconf 88' lang='lat'>&#39;</span> <span class='ocrx_word' id='word_1_220' title='bbox 682 3982 816 4040; x_wconf 51' lang='lat' dir='ltr'><strong>‘&#39;metm&#39;&#39;</strong></span> <span class='ocrx_word' id='word_1_221' title='bbox 839 4012 936 4062; x_wconf 85' lang='lat' dir='ltr'><strong>diceret</strong></span> <span class='ocrx_word' id='word_1_222' title='bbox 945 4014 1075 4077; x_wconf 90' lang='lat' dir='ltr'><strong>nonnulla,</strong></span> <span class='ocrx_word' id='word_1_223' title='bbox 1086 4018 1112 4063; x_wconf 85' lang='lat' dir='ltr'><strong>et</strong></span> <span class='ocrx_word' id='word_1_224' title='bbox 1129 4030 1194 4077; x_wconf 83' lang='lat' dir='ltr'><strong>pene</strong></span> <span class='ocrx_word' id='word_1_225' title='bbox 1209 4016 1303 4077; x_wconf 86' lang='lat' dir='ltr'><strong>omnia,</strong></span> 
     </span>
     <span class='ocr_line' id='line_1_36' title="bbox 381 4077 1412 4148; baseline 0.007 -20"><span class='ocrx_word' id='word_1_226' title='bbox 381 4077 387 4090; x_wconf 89' lang='lat'>&#39;</span> <span class='ocrx_word' id='word_1_227' title='bbox 422 4077 429 4090; x_wconf 75' lang='lat'><em>⁶</em></span> <span class='ocrx_word' id='word_1_228' title='bbox 466 4078 472 4092; x_wconf 87' lang='lat'><strong>‘</strong></span> <span class='ocrx_word' id='word_1_229' title='bbox 839 4087 910 4133; x_wconf 86' lang='lat' dir='ltr'><strong>tanta</strong></span> <span class='ocrx_word' id='word_1_230' title='bbox 931 4085 1062 4146; x_wconf 71' lang='lat' dir='ltr'><strong>majestate</strong></span> <span class='ocrx_word' id='word_1_231' title='bbox 1084 4084 1237 4148; x_wconf 81' lang='lat' dir='ltr'><strong>indigniora,</strong></span> <span class='ocrx_word' id='word_1_232' title='bbox 1258 4087 1304 4134; x_wconf 92' lang='lat' dir='ltr'><strong>ubi</strong></span> <span class='ocrx_word' id='word_1_233' title='bbox 1409 4106 1412 4111; x_wconf 96' lang='lat'>·</span> 
     </span>
     <span class='ocr_line' id='line_1_37' title="bbox 389 4141 1302 4218; baseline 0.014 -26"><span class='ocrx_word' id='word_1_234' title='bbox 389 4141 552 4210; x_wconf 49' lang='lat' dir='ltr'><strong>miggene]</strong></span> <span class='ocrx_word' id='word_1_235' title='bbox 572 4150 601 4198; x_wconf 88' lang='lat' dir='ltr'><strong>C.</strong></span> <span class='ocrx_word' id='word_1_236' title='bbox 622 4149 656 4199; x_wconf 87' lang='lat' dir='ltr'><strong>D.</strong></span> <span class='ocrx_word' id='word_1_237' title='bbox 677 4152 725 4211; x_wconf 85' lang='lat' dir='ltr'><strong>E.;</strong></span> <span class='ocrx_word' id='word_1_238' title='bbox 744 4153 815 4213; x_wconf 86' lang='lat' dir='ltr'><strong>cupi·</strong></span> <span class='ocrx_word' id='word_1_239' title='bbox 840 4167 898 4214; x_wconf 89' lang='lat' dir='ltr'><strong>spes</strong></span> <span class='ocrx_word' id='word_1_240' title='bbox 909 4155 1004 4203; x_wconf 90' lang='lat' dir='ltr'><strong>nummi</strong></span> <span class='ocrx_word' id='word_1_241' title='bbox 1022 4154 1168 4218; x_wconf 81' lang='lat' dir='ltr'><strong>effulsisset,</strong></span> <span class='ocrx_word' id='word_1_242' title='bbox 1179 4154 1212 4205; x_wconf 76' lang='lat' dir='ltr'><strong>A.</strong></span> <span class='ocrx_word' id='word_1_243' title='bbox 1224 4156 1254 4206; x_wconf 76' lang='lat' dir='ltr'><strong>S.</strong></span> <span class='ocrx_word' id='word_1_244' title='bbox 1268 4156 1302 4205; x_wconf 88' lang='lat' dir='ltr'><strong>G.</strong></span> 
     </span>
    </p>

    <p class='ocr_par' dir='ltr' id='par_1_34' title="bbox 353 4214 921 4278">
     <span class='ocr_line' id='line_1_38' title="bbox 353 4214 921 4278; baseline 0.019 -17"><span class='ocrx_word' id='word_1_245' title='bbox 353 4214 429 4278; x_wconf 86' lang='lat' dir='ltr'><strong>ditas,</strong></span> <span class='ocrx_word' id='word_1_246' title='bbox 439 4214 473 4264; x_wconf 76' lang='lat' dir='ltr'><strong>A.</strong></span> <span class='ocrx_word' id='word_1_247' title='bbox 486 4217 515 4265; x_wconf 85' lang='lat' dir='ltr'><strong>S.</strong></span> <span class='ocrx_word' id='word_1_248' title='bbox 528 4219 558 4267; x_wconf 85' lang='lat' dir='ltr'><strong>L.</strong></span> <span class='ocrx_word' id='word_1_249' title='bbox 839 4223 877 4274; x_wconf 84' lang='lat' dir='ltr'><strong>H.</strong></span> <span class='ocrx_word' id='word_1_250' title='bbox 890 4224 921 4274; x_wconf 71' lang='lat'><strong>11.</strong></span> 
     </span>
    </p>
   </div>
   <div class='ocr_carea' id='block_1_5' title="bbox 0 0 1450 4868">
    <p class='ocr_par' dir='ltr' id='par_1_35' title="bbox 0 0 1450 4868">
     <span class='ocr_line' id='line_1_39' title="bbox 0 0 1450 4868; baseline 0 0"><span class='ocrx_word' id='word_1_251' title='bbox 0 0 1450 4868; x_wconf 95' lang='lat' dir='ltr'><strong> </strong></span> 
     </span>
    </p>
   </div>
  </div>
 </body>
</html>
