2866 4868
300 413 366 481 488
522 430 636 480 unsre
660 431 788 480 ancuu
812 429 1028 480 sucnoauu.
1100 414 1188 495 [nin.
1204 426 1260 475 iv.

302 591 418 674 lepida
439 589 615 654 hilaritate
637 584 714 676 (¹ut
731 588 875 654 Persius
893 586 961 673 ait)
978 587 1147 651 ‘crimina
1168 586 1261 649 rasis

305 691 436 755 librans
462 691 499 753 in
520 690 723 767 antithetis,'
748 689 869 754 ‘Non'
894 685 1020 773 (dixit)
1035 688 1260 770 ‘episcopum

308 792 518 857 Baiocarum
529 792 657 872 capieS,
669 790 729 853 sed
739 791 899 854 comitem
911 788 1047 853 Cantiee
1059 786 1262 852 custodies!

310 889 501 954 Gaufridus
523 891 718 973 episcopus,
734 911 812 954 cnm
835 897 973 971 nepote,
990 886 1200 952 Bathoniam
1224 893 1263 951 et

310 991 547 1057 Berebeleiam
569 999 772 1073 partemque
793 991 877 1073 pagi
899 990 1081 1054 Wiltensis
1104 988 1263 1070 depopu-

309 1092 399 1169 lanS,
425 1091 607 1155 manubias
638 1092 731 1174 apud
757 1092 899 1154 Bristou
925 1090 1131 1154 collocabat.
1183 1087 1262 1152 Ro-

311 1193 427 1274 gerius
454 1192 497 1255 de
522 1190 645 1255 Monte
674 1190 870 1268 GomericO,
893 1191 1084 1254 exercitum
1114 1207 1215 1252 suum
1240 1206 1264 1251 a

312 1291 547 1356 Scrobesbiria
565 1311 643 1355 cnm
665 1291 889 1355 Walensibus
909 1291 1062 1368 mittens,
1089 1289 1264 1353 coloniam

311 1392 588 1473 Wigorniensem
611 1391 852 1473 praedabatur:
871 1392 1016 1475 jamque
1041 1389 1265 1472 Wigorniam

311 1491 459 1556 infestus
491 1492 691 1569 advenerat,
717 1512 795 1556 cum
819 1493 908 1574 regii
934 1490 1063 1555 milites
1088 1489 1149 1575 qui
1172 1507 1266 1572 prae-

313 1592 513 1669 tendebant,
538 1591 618 1655 freti
642 1592 880 1656 benedictione
905 1590 1083 1656 Wulstani
1107 1588 1264 1673 episcopi

313 1691 370 1756 cui
385 1691 543 1756 custodia
558 1692 693 1755 castelli
707 1693 891 1756 commissa
910 1698 997 1769 erat,
1013 1691 1118 1774 pauci
1133 1689 1266 1753 multos

313 1791 521 1874 effugarunt,
536 1791 761 1875 pluribusque
778 1792 905 1856 sauciis
914 1799 949 1856 et
965 1792 1077 1869 caesis,
1094 1789 1265 1873 quosdam

314 1893 546 1956 abduxerunt.
608 1890 785 1956 Praeterea
821 1885 999 1974 Rogerius'
1029 1877 1136 1974 Bigot
1169 1889 1266 1972 apud

316 1992 510 2070 Northwic,
534 1999 570 2056 et
598 1991 707 2075 Hugo
732 1993 775 2057 de
798 1991 1053 2057 Grentemesnil
1078 1991 1171 2074 apud
1195 1988 1265 2054 Le·

315 2100 520 2174 gocestram,
546 2091 619 2156 suis
643 2094 789 2178 quisque
815 2094 972 2175 partibus
995 2092 1137 2175 rapinas
1158 2109 1266 2172 urge·

314 2194 411 2257 bant.
464 2192 523 2256 Ita
545 2193 628 2257 totis
653 2192 855 2258 defectionis
870 2193 1002 2258 viribus
1027 2193 1064 2256 in
1091 2211 1183 2270 eum,
1207 2191 1267 2255 cui

314 2312 378 2356 nec
399 2293 583 2375 prudentia
604 2313 668 2358 nec
691 2292 831 2357 fortuna
852 2293 984 2371 deerat,
1012 2293 1143 2357 frustra
1161 2291 1267 2356 saevi-

315 2394 449 2456 ebatur.
502 2391 664 2475 Namque
691 2393 762 2471 ille,
779 2394 901 2458 videns
926 2393 1149 2458 Normannos
1175 2411 1266 2475 pene

316 2512 435 2556 omnes
459 2493 495 2555 in
520 2512 591 2557 una
613 2495 709 2557 rabie
731 2495 960 2577 conspiratos,
979 2492 1116 2575 Anglos
1137 2492 1267 2576 probos

316 2599 352 2656 et
376 2592 484 2656 fortes
510 2592 616 2670 viros,
640 2594 701 2676 qui
732 2593 846 2658 adhuc
879 2594 1008 2658 residui
1038 2600 1150 2671 erant,
1173 2593 1267 2657 invi·

315 2692 453 2759 tatoriis
479 2693 617 2776 scriptis
643 2694 822 2775 accersiit3
854 2695 980 2776 quibus
1004 2714 1109 2777 super
1128 2693 1268 2778 injuriis

317 2793 389 2855 suis
421 2793 671 2877 querimoniam
698 2793 841 2872 sasiens,
874 2796 1054 2877 bonasque
1087 2794 1196 2876 leges,
1230 2801 1268 2858 et

316 2892 525 2956 tributorum
540 2893 710 2972 levamen,
731 2895 926 2980 liberasque
938 2895 1142 2960 venationes
1164 2893 1268 2977 polli-

317 3010 411 3068 cens,
442 2991 602 3057 fidelitati
624 3013 697 3057 suae
728 2995 906 3077 obligavit.
960 2994 1037 3058 Nec
1062 2995 1188 3058 minori
1210 3013 1269 3058 as-

316 3092 406 3155 tutia
424 3091 615 3174 Rogerium
634 3095 678 3158 de
695 3094 818 3159 Monte
836 3094 1032 3172 Gomerico,
1054 3114 1172 3159 secum
1194 3094 1267 3159 dis-

316 3191 479 3256 simulata
503 3193 647 3275 perfidia
668 3195 893 3276 equitantem,
916 3195 1152 3259 circumvenit.
1205 3193 1268 3258 Se-

317 3311 434 3355 orsum
460 3292 550 3357 enim
585 3294 691 3359 ducto
716 3315 879 3378 magnam
912 3295 1059 3377 ingessit
1078 3293 1267 3375 invidiam3

317 3390 446 3469 dicens,
473 3392 639 3458 Libenter
660 3414 698 3458 se
722 3395 867 3477 imperio
890 3415 1079 3472 cessurum,
1102 3396 1133 3460 si
1157 3395 1209 3458 illi
1231 3402 1268 3460 et

244 3550 251 3562 ,
317 3491 394 3554 aliis
411 3491 572 3557 videatur
588 3514 676 3576 quos
690 3504 791 3577 pater
806 3502 938 3560 tutores
950 3496 1146 3578 reliquerat.
1183 3494 1267 3559 Non

318 3610 356 3655 se
380 3592 573 3675 intelligere
598 3594 680 3676 quid
707 3596 759 3658 ita
782 3595 939 3660 effraenes
966 3597 1056 3660 sint:
1091 3597 1121 3659 si
1144 3595 1266 3673 velint,

317 3692 482 3774 pecunias
500 3693 672 3775 accipiant
689 3714 752 3777 pro
768 3696 888 3777 libit03
912 3696 942 3760 si
962 3703 1186 3779 augmentum
1205 3714 1268 3778 pa-

318 3791 568 3870 trimoniorum,
592 3795 712 3859 eodem
733 3797 857 3877 m0d0;
881 3816 1036 3881 prorsus,
1053 3816 1131 3879 quae
1145 3795 1267 3872 velint,
1360 3837 1363 3842 »

318 3889 480 3955 habeant.
531 3893 684 3958 Tantum
700 3896 842 3961 videant
858 3918 902 3960 ne
912 3897 1082 3981 judicium
1100 3895 1268 3979 genitoris

318 3991 553 4072 periclitetur:
577 3996 670 4077 quod
690 3997 720 4059 si
741 3997 783 4060 de
803 4017 841 4061 se
862 3997 1064 4081 putaverint
1077 4015 1268 4079 aspernan-

528 4216 535 4248 ¹
552 4221 588 4268 Ut
599 4222 771 4288 Perdocuit]
789 4225 906 4288 Persius,
917 4225 971 4275 Sat.
982 4237 1002 4276 1.
1014 4229 1055 4274 8⁵.
