2866 4868
337 401 402 466 726
620 413 795 463 meream
818 412 996 462 novrum.
1145 400 1233 482 [mn.
1253 416 1290 463 11.

356 665 529 725 Quouono
554 662 630 710 anx
655 661 819 709 cnrnnnr
843 661 1139 726 unnunsmnmu,
1162 664 1208 712 nu
1230 665 1277 712 nn

587 762 779 810 ons1n1onn
801 741 1049 813 rnonnmcnn.

182 893 228 932 on.
241 892 259 931 r.
395 874 412 958 ᾗ
426 874 481 939 30.
506 867 514 904 ¹
527 871 640 938 Nonis
656 871 818 936 Octobris
836 871 1013 936 Robertus
1036 872 1189 956 quidam,
1204 873 1296 938 filius

181 941 325 1033 ffii‘ffissfof
345 975 510 1052 Huberti,
536 972 695 1038 immanis
721 991 762 1036 ac
786 972 967 1051 barbarus,
995 973 1177 1038 castellum
1204 973 1315 1056 Mal-¹
1362 1023 1366 1028 -

181 1044 332 1093 M⁸¹me⁸bury'
345 1077 526 1152 mesbiriae,
536 1074 628 1157 quod
645 1072 820 1155 Rogerius
837 1073 1021 1156 episcopus
1037 1073 1192 1138 infausto
1214 1094 1295 1139 aus·

312 1167 320 1172 ’
345 1176 436 1259 picio
459 1175 694 1250 inchoaverat,
712 1172 832 1238 furtim
856 1181 962 1238 noctu
987 1175 1178 1258 ingressus,
1203 1195 1296 1240 com-

286 1302 290 1310 *
345 1279 517 1358 bustoque
537 1276 626 1351 vico,
656 1274 756 1356 quasi
776 1293 905 1356 magno
929 1274 1103 1359 triumpho
1126 1276 1296 1358 gloriatus

346 1384 411 1442 est.
463 1375 703 1440 Veruntamen
735 1382 817 1438 ante
845 1375 1041 1457 quindecim
1064 1375 1138 1440 dies
1172 1375 1296 1441 laetitia

346 1477 488 1554 excidit,
506 1495 528 1539 a
543 1494 625 1558 rege
641 1473 795 1556 fugatus,
848 1474 1039 1540 Castellum
1052 1477 1220 1560 praecepit
1233 1497 1297 1542 rex

346 1578 484 1642 interim
512 1575 696 1650 asservari,
719 1574 846 1658 quoad,
870 1595 957 1659 pace
981 1576 1077 1654 data,
1098 1585 1218 1660 posset
1240 1576 1298 1642 de·

347 1678 447 1759 strui.
500 1677 582 1760 Ipse
601 1695 682 1755 vero
710 1696 784 1754 rex,
810 1683 998 1759 antequam
1022 1677 1296 1768 Malmesbiriam

347 1779 511 1855 venisset,
525 1776 699 1860 quandam
713 1776 1002 1842 munitiunculam
1018 1777 1163 1842 Milonis
1176 1797 1296 1862 super-

349 1878 529 1956 nominati,
542 1876 665 1942 Cernei
682 1877 832 1954 nomine,
847 1885 1089 1961 occupaverat,
1104 1878 1221 1960 ibique
1236 1879 1298 1942 mi·

186 1998 280 2063 gregeus
348 1979 438 2044 lites'
449 1998 532 2043 suos
547 1985 721 2061 posuerat.
774 1977 1008 2062 Quapropter,
1030 1979 1121 2043 sicut
1134 1972 1189 2044 ²et
1200 1980 1248 2043 ibi
1263 1985 1298 2044 et

189 2049 326 2098 ¹¹⁰ande
349 2079 607 2156 Malmcsbiriae,
630 2078 717 2141 alias
744 2076 810 2143 sibi
841 2097 1080 2143 successurum
1110 2080 1298 2158 aestimans,

347 2180 525 2244 castellum
543 2176 710 2242 Huniridi
726 2177 768 2242 de
782 2179 923 2258 Euhan,
940 2180 1001 2262 qui
1015 2180 1174 2263 partibus
1189 2180 1297 2264 impe·

347 2281 482 2346 natricis
505 2277 657 2357 favebat,
670 2279 840 2343 vocabulo
855 2279 1061 2364 Trobrigge,
1082 2279 1224 2358 invasit,
1240 2280 1299 2345 sed

347 2381 464 2445 irritus
480 2381 576 2445 abiit.

422 2569 595 2627 QUOMODO
618 2569 814 2618 HEREFORD
837 2571 958 2619 OESSIT
981 2572 1234 2623 IMPERATRIOI.

187 2695 307 2736 successor
401 2675 486 2758 §3L
509 2677 602 2742 Tota
618 2676 737 2761 itaque
758 2677 854 2760 regio
871 2679 963 2766 circa
979 2678 1219 2745 Gloecestram
1244 2699 1301 2745 us·

188 2747 224 2785 the
236 2756 336 2796 cmpresi.

350 2796 417 2859 que
440 2775 629 2859 profundas
644 2777 817 2856 Guallias,
839 2780 966 2860 partim
980 2780 1027 2858 vi,
1043 2781 1171 2863 partim
1195 2782 1300 2846 bene·

350 2876 513 2955 volentia,
540 2879 763 2960 pedetentim,
786 2878 933 2943 residuis
954 2879 1048 2944 illius
1070 2881 1152 2944 anni
1173 2882 1300 2946 mensi·

350 2978 427 3055 buS,
444 2997 481 3042 se
497 2978 646 3042 dominae
663 2979 873 3061 imperatrici
888 2980 1065 3062 applicuit
1116 2979 1300 3064 Aliquanti

350 3078 630 3156 castellanorum,
655 3079 749 3143 intra
772 3080 980 3144 munitiones
1007 3100 1089 3144 suas
1116 3100 1154 3145 se
1179 3090 1301 3147 contu·

352 3185 479 3255 tantes,
512 3180 644 3243 exitum
673 3199 788 3243 rerum
821 3180 1099 3262 speculabantur.
1167 3180 1301 3248 Civitas

353 3277 524 3343 Hereford
558 3279 632 3343 sine
664 3278 864 3344 difficultate
889 3288 1050 3364 recepta:
1084 3283 1187 3365 pauci
1211 3283 1302 3348 mili·

352 3385 417 3455 teS,
440 3379 476 3442 in
501 3380 644 3444 castello
667 3380 791 3444 animis
814 3380 997 3445 obstinatis
1019 3402 1057 3446 se
1073 3382 1303 3462 includentes,

352 3498 374 3541 a
400 3471 498 3543 ³foris
531 3479 674 3544 obsessi.
724 3478 1032 3563 Appropinquavit
1059 3501 1122 3546 rex
1152 3482 1183 3547 si
1212 3482 1302 3548 sorte

352 3578 589 3643 laborantibus
620 3600 720 3663 opem
747 3581 898 3663 aliquam
913 3581 1140 3646 comminisci
1161 3591 1301 3666 posset3

352 3676 425 3755 sed,
438 3678 625 3745 frustratus
638 3688 733 3758 voto,
749 3680 917 3762 inglorius
932 3681 1113 3748 discessit:
1133 3683 1303 3766 equitavit

354 3779 457 3841 etiam
469 3780 577 3863 juxta
593 3781 749 3858 Bristou,
762 3781 989 3864 superiusque
1004 3782 1229 3862 contendens,
1240 3783 1305 3849 vil·

352 3877 405 3942 las
422 3899 501 3961 quae
522 3880 660 3945 fuerunt
680 3881 717 3945 in
736 3882 883 3946 circuitu
901 3882 1080 3947 Dunestor
1102 3882 1303 3962 combussit,

386 4083 394 4118 ¹
406 4088 487 4137 Nonis
497 4090 610 4140 Octobris
670 4088 756 4161 abiit]
770 4095 814 4154 Ε.;
875 4090 930 4142 ’Et
941 4093 998 4158 ibi]
1015 4096 1040 4144 Ε
1048 4097 1071 4144 1.
1082 4108 1092 4155 3
1106 4095 1165 4157 sibi,
1175 4096 1233 4146 BD.

350 4157 393 4206 the
410 4158 492 4209 whole
511 4163 605 4210 section
625 4164 647 4211 ia
667 4164 770 4214 omitted
787 4165 813 4213 in
875 4161 992 4229 ³Foria]
1011 4164 1040 4216 S.
1057 4165 1093 4215 D.
1111 4165 1168 4218 ΕΙ.
1180 4165 1252 4228 1123
1267 4166 1305 4217 io·

351 4226 380 4277 S.
395 4230 424 4278 0.
436 4229 470 4306 D
486 4231 519 4280 G.
532 4233 566 4282 K.
579 4233 634 4283 L2.
646 4234 685 4283 M.
839 4235 919 4299 ribus,
931 4236 954 4285 E
960 4239 985 4286 2.
