2866 4868
129 426 200 473 mn.
216 405 287 489 uu]
360 422 474 471 casm
498 421 624 470 unsrun
648 420 864 470 Ancnoauu.
1015 406 1082 472 449

131 582 230 658 tium,
247 587 287 644 ut
301 580 386 644 nihil
402 580 631 645 desiderarem
648 588 777 664 praeter
791 577 914 645 talium
929 581 1081 647 virorum

132 682 345 764 obsequium.
398 680 524 764 Itaque
542 680 679 744 blandis
705 683 999 746 assentationibus
1017 704 1081 765 ga-

132 782 241 858 visus,
262 782 367 859 ibam,
392 789 431 844 ut
447 800 528 845 vere
553 781 636 844 mibi
656 781 851 858 videbatur,
868 801 988 846 versus
1012 785 1081 847 ori-

133 889 272 946 entem:
307 882 574 964 promittebatur
605 881 688 945 mihi
717 880 816 944 sedes
850 882 1080 965 paradisiaca,

134 1002 203 1045 non
230 981 340 1046 multo
365 988 445 1065 post
461 980 635 1045 intranda.
688 980 731 1044 Iu
745 988 920 1045 momento
937 990 1080 1065 praeter-

136 1081 187 1145 ita
210 1082 363 1164 Europa,
389 1082 538 1163 ingressi
565 1079 698 1158 Asiam,
725 1082 883 1145 venimus
906 1081 1081 1167 lerosoly-

136 1200 248 1262 mam3
281 1183 329 1245 ibi
353 1182 482 1246 sanctis
505 1181 670 1258 adoratis,
694 1180 718 1244 J
720 1181 882 1245 ordanem
908 1182 1082 1264 pertendi-

136 1301 235 1361 mus3
259 1282 428 1346 citerioris
453 1282 538 1364 ripae
565 1280 706 1357 accolae,
723 1280 903 1345 ductorum
928 1302 1083 1347 meorum

135 1383 360 1446 contubernio
383 1381 497 1459 mixti,
522 1382 642 1446 laetum
665 1388 795 1444 coetum
818 1376 941 1447 fecere.
992 1383 1082 1465 Ego,

135 1481 269 1546 visendi
295 1481 462 1545 ulteriora
486 1480 614 1557 studio,
642 1481 826 1545 transitum
852 1484 1080 1548 maturabam.

135 1581 234 1646 Tunc
250 1582 393 1646 comites
407 1581 521 1646 Deum
543 1582 749 1664 praecepisse
769 1580 922 1646 referunt
943 1591 984 1646 ut
1000 1592 1083 1648 ante

135 1681 331 1747 daemonum
347 1682 481 1746 visione
504 1681 722 1759 terrificarer,
739 1683 1082 1763 quatenus'veniales

137 1782 261 1868 culpae,
285 1801 373 1864 quas
403 1781 617 1847 confessione
649 1801 718 1845 non
742 1780 922 1860 dilueram,
953 1803 1083 1865 pavore

136 1881 383 1946 horrendarum
399 1882 586 1946 formarum
599 1888 841 1964 purgarentur.
888 1882 976 1947 Cum
989 1883 1082 1949 dicto

138 1983 252 2047 astitit
274 1982 376 2046 alteri
400 1983 492 2065 parti
515 1988 615 2045 tanta
640 1980 833 2045 daemonum
856 1982 922 2059 vis,
943 1982 1084 2047 hastilia

138 2083 478 2159 acutavibrantium,
501 2083 600 2164 ignes
626 2080 825 2159 efflantium,
847 2088 887 2145 ut
911 2102 995 2164 ager
1015 2083 1083 2146 fer-

137 2203 229 2261 reus,
254 2202 314 2246 aer
341 2183 519 2246 flammeus
536 2182 722 2246 videretur.
775 2182 905 2245 Eorum
927 2176 1084 2248 ¹borrore

137 2283 189 2347 ita
204 2303 280 2347 sum
305 2283 460 2360 affectus,
477 2289 517 2346 ut
530 2282 560 2345 si
577 2288 670 2346 terra
685 2281 889 2358 dehisceret,
906 2283 936 2346 si
957 2284 1084 2348 coelum

138 2390 342 2466 patesceret,
359 2390 436 2448 tuto
453 2381 536 2446 mihi
552 2383 735 2464 utrobique
759 2382 997 2465 refugiendum
1015 2405 1085 2448 non

137 2485 358 2548 aestimarem.
411 2483 469 2547 Ita
491 2483 726 2559 meticulosus,
740 2482 821 2545 dum
846 2503 915 2565 quo
938 2484 1084 2549 evadam

137 2583 269 2662 dubito,
286 2589 427 2667 repente
445 2583 503 2669 (ut
519 2582 594 2646 haec
610 2582 731 2646 dicens
744 2590 870 2647 vestroe
890 2584 996 2649 saluti
1017 2586 1084 2649 nisi

138 2684 317 2767 negligitis
337 2680 568 2767 consulerem)
586 2676 751 2747 ²balitum
766 2683 892 2764 recepi,
904 2684 1083 2748 confestim

136 2784 330 2850 effusurus?
382 2784 496 2860 Dixit,
522 2791 559 2847 et
585 2802 663 2847 cum
683 2783 789 2847 verbo
814 2802 902 2866 pene
926 2785 1084 2867 spiritum

138 2886 265 2950 emisit.
318 2884 466 2967 Corpus,
482 2885 519 2948 in
543 2883 688 2947 ecclesia
712 2891 842 2947 sanctae
860 2883 984 2948 Mariae
1001 2892 1084 2949 tunc

138 2985 233 3048 humi
244 2984 431 3062 defossum,
446 2983 613 3048 miraculo
627 2977 746 3048 ³modo
763 2983 821 3069 (ut
835 2981 950 3068 aiunt)
967 2984 1085 3050 divino

138 3085 243 3150 altius
258 3086 370 3149 tribus
383 3085 526 3169 pedibus
542 3104 645 3167 super
662 3091 790 3148 terram
804 3083 976 3148 elevatum
993 3092 1057 3149 est.

190 3185 207 3269 §
238 3185 315 3250 269.
348 3170 459 3251 Porro
489 3184 699 3261 WillelmuS,
729 3184 899 3267 propositi
927 3185 1019 3267 quod
1050 3186 1086 3248 in
1099 3203 1240 3266 saratas:

138 3284 356 3350 Normannia
371 3292 525 3368 coeperat
539 3292 660 3359 tenax,
677 3282 895 3363 stigandum,
905 3304 1086 3367 perperam
1098 3257 1221 3348 lbfflllt.

138 3392 174 3450 et
189 3386 276 3450 falso
292 3386 599 3469 archiepiscopum,
611 3403 672 3466 per
689 3382 881 3447 cardinales
895 3384 1086 3462 Romanos,

136 3493 172 3550 et
190 3485 450 3550 Ermenfredum
474 3486 673 3568 episcopum
695 3481 939 3561 sedunensem,
961 3484 1087 3568 deponi

136 3605 261 3670 passus
289 3593 353 3651 est.
407 3585 580 3650 Successit
604 3584 636 3647 ei
660 3584 695 3647 in
718 3583 901 3648 Wintonia
924 3576 1088 3650 ⁴Walke-

169 3809 323 3877 ¹Horrore0]
341 3814 370 3865 S.
385 3815 415 3864 G.
431 3814 466 3864 D.
479 3813 526 3874 E.;
542 3812 598 3861 hor·
658 3807 669 3840 ⁴
684 3809 859 3872 Wulkelinus]
876 3809 1084 3873 GlossedinLl.

136 3897 230 3946 rorum,
240 3882 275 3934 A.
286 3884 317 3932 L.
623 3877 810 3998 {walkeliffia
825 3879 858 4001 dg
876 3895 926 3999 ῳῗο
944 3881 1006 3930 alibi
1024 3883 1086 4002 seffli-

249 3986 255 3998 .
591 4000 598 4013 ‚
641 3950 692 3999 itur
721 3964 755 4011 qu
825 3955 899 3999 astu
910 3951 930 3998 it
956 3966 1044 4001 monac
1065 3952 1085 4001 's

138 3982 330 4107 anffiffl'ff
347 3985 381 4036 Δ·
400 3986 430 4036 S·
450 3987 479 4036 ⁰¹
500 3985 532 4034 Ε·
549 3984 598 4046 L‘'
623 4024 761 4070 tresceutas
778 4020 883 4068 libratas
898 4025 981 4083 terrae,
1000 4027 1026 4070 et
1042 4037 1086 4072 eas

189 4073 203 4106 θ
279 4091 287 4117 ’
326 4090 332 4106 ’
624 4095 676 4139 tam
697 4091 788 4138 usibus
810 4092 865 4139 suis
887 4106 963 4153 quam
986 4106 1087 4141 succes·

171 4157 182 4191 ³
203 4153 300 4226 Mada]
328 4157 362 4210 A.
384 4161 414 4210 G.
438 4159 473 4211 D.
495 4159 529 4211 E.
551 4159 599 4220 L.;
625 4174 710 4209 sorum
722 4174 825 4210 suorum
838 4161 1032 4225 dampnabiliter
1042 4176 1087 4225 ap·

137 4229 318 4282 omittedinS.
599 4268 601 4273 .
625 4230 734 4293 plicuit!
