2866 4868
137 417 288 498 um.w.]
362 433 475 481 susus
499 434 626 484 aucun
651 435 866 485 suononuu.
1019 422 1085 485 515

136 610 240 672 quam
256 588 323 653 nisi
336 590 492 653 infirmis.
545 589 602 653 Ab
616 591 729 654 idibus
743 591 954 674 Septembris
975 611 1084 674 usque
1097 614 1170 676 Onon
1178 616 1203 676 91
1210 617 1247 656 ue

137 690 181 753 ad
209 689 347 753 Pascha
369 689 498 753 nullius
530 689 730 755 festivitatis
761 693 931 768 contuitu,
958 665 1213 774 praeterlli‘ei‘.elan

138 789 211 853 dies
221 790 435 867 DominicoS‚
447 789 516 852 nisi
524 790 630 854 semel
639 791 675 853 in
688 791 743 854 die
747 791 919 875 jejunium
931 793 1083 858 solvunt.

138 889 328 972 Nunquam
345 890 534 953 claustrum
552 891 618 953 nisi
640 909 747 954 causa
768 890 934 973 operandi
950 893 1084 973 egredi-

137 996 241 1053 untur
253 1010 263 1069 3
281 1010 344 1053 nec
359 989 419 1067 ibi,
433 1008 496 1052 nec
511 1009 671 1072 usquam,
686 990 753 1053 nisi
769 991 888 1055 abbati
902 998 963 1054 aut
977 993 1084 1073 priori

81 1169 90 1179 ⁶
136 1089 284 1153 invicem
313 1090 563 1171 colloquentes,
620 1089 739 1153 Horas
775 1091 959 1155 canonicas
975 1082 1083 1156 *inde-

136 1188 226 1252 fesse
250 1190 467 1265 continuant,
495 1189 592 1252 nulla
621 1183 838 1272 ¹appenditia
868 1191 1083 1255 extrinsecus

136 1288 350 1372 adjicientes,
368 1295 496 1372 praeter
507 1289 663 1370 vigiliam
679 1308 742 1371 pro
755 1289 937 1355 defunctis,
990 1289 1082 1354 Cau·

137 1394 194 1451 tus
211 1396 247 1453 et
259 1389 406 1472 hymnos
420 1385 682 1466 Ambrosiauos,
698 1397 865 1471 quantum
888 1410 933 1454 ex
950 1389 1084 1454 Medio-

135 1487 216 1551 lano
241 1489 419 1552 addiscere
442 1495 641 1570 potuerunt‚
661 1488 883 1572 frequentant
901 1491 937 1553 in
957 1490 1082 1555 divinis

135 1585 267 1653 officiis.
299 1588 491 1670 Hospitum
504 1594 540 1651 et
552 1588 763 1652 infirmorum
776 1609 895 1652 curam
904 1590 1082 1668 habentes,

134 1687 370 1770 importabiles
400 1688 599 1769 corporibus
624 1689 697 1751 suis
726 1709 789 1772 pro
816 1690 1008 1752 animarum
1031 1711 1083 1754 re-

135 1788 248 1853 medio
261 1787 565 1852 comminiscuntur
578 1806 709 1850 cruces,

186 1888 204 1972 ᾗ
218 1887 294 1952 337.
319 1888 410 1951 Haec
427 1888 534 1950 abbas
555 1886 613 1950 ille
628 1887 738 1969 primo
751 1885 885 1968 ingenti
898 1889 1027 1970 impetu
1047 1897 1082 1954 et

132 1986 208 2069 ipse
225 1987 374 2052 faciebat
389 1993 425 2050 et
440 1987 528 2050 alios
544 1979 811 2069 ²compellebat3
835 1987 895 2050 sed
917 1990 1081 2070 temporis

133 2085 322 2151 intercessu
354 2087 518 2169 poenituit
547 2086 650 2150 homo
677 2086 824 2151 delicate
852 2087 1014 2165 nutritus,
1046 2096 1082 2153 et

134 2205 228 2268 aegre
240 2187 353 2251 ferens
368 2193 441 2250 tam
458 2186 626 2249 diutinam
645 2186 799 2250 ciborum
822 2188 1080 2268 parcimoniam.

135 2284 244 2370 Cujus
260 2286 477 2352 voluntatem
500 2286 660 2349 monachi
683 2286 776 2368 apud
798 2286 1004 2351 Molesmum
1027 2308 1080 2351 re·

133 2385 223 2449 sidui
248 2393 508 2468 cognoscentes
533 2386 647 2451 verbis
681 2387 886 2468 quibusdam
912 2387 1081 2451 incertum

133 2504 179 2549 an
203 2493 239 2551 et
258 2486 427 2569 epistolis,
442 2505 504 2567 per
527 2484 758 2549 obedientiam
780 2506 880 2568 papae
904 2495 982 2551 astu
996 2508 1081 2570 quo-

130 2585 210 2648 dam
241 2587 286 2649 ad
314 2586 562 2649 monasterium
586 2580 797 2662 ³retrahunt,
825 2587 997 2651 volentem
1022 2608 1100 2674 cop

133 2692 267 2766 gentes
330 2685 442 2764 Quasi
479 2687 569 2749 enim
606 2685 821 2766 diffatigatus
860 2686 1080 2768 improbitate

132 2786 339 2868 supplicum,
362 2791 530 2866 angustos
554 2774 704 2868 parietes
722 2786 862 2868 reliquit
878 2806 1079 2868 pauperum,

133 2886 367 2967 augustiorem
389 2891 548 2966 repetens
570 2885 744 2949 thronum.
796 2884 912 2950 Secuti
934 2906 1012 2950 eum
1035 2907 1080 2950 ex

134 2983 288 3049 cistellis
303 3003 422 3050 omnes
436 2985 496 3067 qui
509 3004 587 3048 cum
602 3005 644 3048 eo
660 2993 838 3064 venerant,
849 2993 976 3068 praeter
989 2994 1080 3051 octo.

134 3083 194 3148 Illi
208 3086 312 3168 pauci
328 3103 483 3163 numero,
499 3084 558 3148 sed
573 3085 673 3148 multi
689 3086 824 3162 merito,
839 3087 997 3150 abbatem
1016 3086 1080 3150 Al-

132 3184 284 3249 bericum
309 3184 482 3267 quendam
505 3204 550 3248 cx
576 3185 660 3262 suis,
687 3185 835 3266 priorem
866 3185 1079 3268 Stephanum

132 3284 360 3349 constituunt.
414 3283 490 3348 Nec
507 3285 565 3347 ille
587 3285 624 3347 iu
641 3285 715 3348 vita
740 3292 894 3349 moratus
917 3287 997 3368 plus
1019 3305 1077 3349 oc·

133 3384 263 3463 tennio,
286 3404 446 3466 supremo
468 3383 614 3447 feliciter
635 3391 826 3447 conventus
849 3392 903 3449 est
924 3386 1078 3449 arbitrio.

132 3484 235 3562 Tum,
257 3483 351 3546 haud
368 3483 471 3547 dubie
488 3491 574 3547 nutu
590 3483 720 3560 divino,
735 3483 931 3566 Stephanus
953 3486 1078 3549 absens

132 3583 237 3648 etiam
259 3584 296 3647 in
320 3584 480 3647 abbatem
502 3583 653 3666 eligitur,
669 3583 742 3646 dux
757 3584 839 3648 olim
859 3583 945 3648 facti
958 3585 1078 3662 totius,

130 3684 280 3767 speciale
295 3691 330 3748 et
341 3683 476 3765 insigne
490 3691 686 3747 nostrorum
697 3682 829 3746 dierum
839 3684 961 3764 decus;
978 3685 1078 3768 cujus

131 3785 253 3866 quanti
275 3784 322 3847 sit
342 3783 502 3847 meritum
528 3790 701 3848 testantur
728 3784 877 3847 abbatiae
903 3785 1077 3848 sexdecim

166 4021 358 4095 ¹Appenditio.]
376 4026 409 4076 A.
429 4028 462 4076 Ε.
482 4028 530 4086 t.;
547 4043 591 4090 ap-

129 4097 275 4161 pendentia,
286 4097 315 4147 S.
330 4099 359 4147 C.
372 4097 407 4147 D.
652 4093 834 4159 metrumne]
853 4097 887 4146 D.
901 4099 949 4158 E.;
967 4113 1023 4146 eum
1040 4113 1076 4146 re·

165 4162 372 4234 tempatione]
391 4168 420 4216 S.
438 4168 473 4217 D.
489 4168 534 4228 E.;
552 4167 590 4216 fa·
616 4165 727 4229 trahunt,
738 4166 772 4215 A.
785 4167 814 4216 S.
827 4168 857 4216 L.

129 4253 185 4288 cere
196 4238 371 4300 compellebat,
383 4238 413 4288 t.
