2866 4868
197 420 267 468 urs.
287 403 359 484 ιιι.]
428 420 542 469 casus
561 421 688 468 aucun
711 421 926 469 suenorum,
1079 407 1144 470 455

122 567 128 574 ’
195 574 249 642 dis
266 578 394 656 alebat,
418 599 504 662 puer
521 578 709 655 delicatus3
732 586 772 642 ut
792 578 828 643 id
854 579 1006 644 aetatulae
1029 582 1142 663 pusio,

195 678 304 743 altum
319 680 403 762 quid
425 680 572 762 spirans.
625 679 693 743 Sed
712 687 845 744 tantam
867 682 1025 764 primaevi
1047 681 1142 745 floris

194 779 343 844 indolem
357 799 451 844 mors
468 782 593 844 acerba
608 780 677 844 cito
692 780 838 864 depasta
854 782 1026 864 corrupit;
1055 775 1141 846 ltra-

193 880 280 944 dunt
294 899 415 945 cervos
429 881 466 944 in
485 880 590 945 Nova
605 881 752 944 Foresta
775 883 1017 960 terebrantem,
1032 882 1141 946 tabidi

193 981 283 1044 aeris
300 981 427 1046 nebula
440 981 597 1045 morbum
611 982 807 1046 incurrisse.
847 981 962 1046 Locus
976 989 1140 1064 estquem

193 1081 389 1147 Willelmus
403 1090 515 1164 pater,
523 1074 689 1146 ²subrutis
699 1082 864 1161 ecclesiis,
874 1082 1020 1147 desertis
1034 1083 1138 1162 villis,

192 1200 255 1263 per
270 1182 416 1264 triginta
438 1189 474 1247 et
495 1202 536 1247 eo
563 1181 710 1264 amplius
731 1181 893 1246 milliaria
913 1184 950 1246 in
971 1184 1081 1248 saltus
1103 1192 1140 1248 et

192 1281 303 1346 lustra
331 1281 482 1346 ferarum
515 1283 709 1364 redegerat.
760 1276 835 1346 ³Ibi
856 1283 1003 1347 libenter
1024 1303 1138 1347 aevum

192 1383 344 1464 exigere,
368 1383 417 1447 ibi
439 1382 597 1466 plurimis
621 1383 744 1446 omitto
766 1382 860 1465 quod
885 1383 1017 1462 diebus,
1045 1390 1138 1448 certe

190 1482 376 1559 mensibus,
408 1483 612 1547 venationes
643 1501 804 1546 exercere
835 1484 1019 1564 gaudebat.
1083 1484 1138 1547 Ibi

190 1582 301 1647 multa
316 1583 413 1664 regio
429 1583 548 1666 generi
569 1583 744 1664 contigere
760 1582 962 1663 infortunia,
977 1604 1055 1667 quae
1077 1584 1139 1648 ha-

190 1683 379 1747 bitatorum
414 1703 569 1766 praesens
601 1683 720 1746 audire
752 1683 948 1748 volentibus
981 1685 1139 1766 suggerit

189 1782 375 1848 memoria:
398 1803 479 1847 nam
499 1783 718 1866 postmodum
740 1784 777 1846 in
799 1784 919 1848 eadem
943 1785 1033 1850 silva
1046 1785 1137 1851 Wil-

188 1883 311 1948 lelmus
333 1882 426 1948 filius
446 1884 536 1969 ejus,
556 1891 591 1948 et
615 1902 724 1966 nepos
750 1883 922 1948 Ricardus
947 1885 1038 1949 filius
1064 1885 1137 1950 Ro-

189 1984 277 2049 berti
307 1983 443 2049 comitis
469 1984 708 2062 Normanniae,
735 1991 881 2048 mortem
912 1985 1135 2066 offenderint3

187 2103 309 2149 severo
323 2085 391 2149 Dei
403 2084 537 2168 judicio
550 2084 609 2148 ille
626 2085 759 2166 sagitta
774 2092 908 2167 peetus,
925 2085 992 2150 iste
1009 2085 1135 2149 collum

188 2185 367 2269 trajectus,
384 2185 452 2260 vel,
476 2193 516 2250 ut
536 2184 676 2268 quidam
696 2184 827 2263 dieunt,
849 2186 982 2249 arboris
1003 2205 1137 2250 ramus-

188 2285 266 2350 culo
283 2305 374 2368 equo
387 2293 651 2369 pertranseunte
664 2285 781 2350 fauces
798 2305 983 2369 appensus.

239 2385 347 2469 5276.
373 2386 472 2451 Filiae
496 2387 604 2469 ipsius
627 2386 768 2452 fuerunt
780 2387 951 2469 quinque:
973 2380 1134 2464 ⁴cecilia,
1146 2403 1188 2495 ξι
1198 2404 1278 2455 dauh-

188 2485 412 2551 Gadomensis
427 2488 616 2564 abbatissa,
632 2480 755 2567 ⁵vivit3
779 2487 900 2566 altera,
915 2486 1134 2566 Constantia,
1168 2466 1196 2495 η’

144 2578 147 2582 ’
185 2586 302 2652 comiti
327 2587 534 2651 Brittanniae
557 2585 673 2652 Alano
697 2588 852 2670 Fergant
874 2587 911 2651 in
936 2587 1135 2671 conjugium

187 2684 282 2767 data,
296 2688 499 2752 austeritate
510 2687 661 2772 justitiae
684 2687 913 2771 provinciales
929 2688 967 2751 in
981 2689 1134 2753 mortife-

221 2886 482 2942 Uerumtamen...
493 2890 647 2954 incurrisse]
671 2895 734 2954 tent,
745 2907 791 2941 nec
807 2891 859 2940 illae
870 2891 974 2952 quidem
989 2893 1133 2942 mortalium

188 2959 261 3010 Some
280 2961 415 3011 buteriam
435 2962 513 3011 relate
538 2962 593 3010 that
616 2961 648 3010 he
670 2962 761 3011 usibus
795 2961 959 3011 communiter
999 2964 1132 3024 expositae.

187 3030 248 3079 died
257 3031 320 3080 from
328 3031 484 3082 thewounds
492 3032 524 3081 he
532 3032 648 3081 received
673 3030 746 3080 Unde
768 3047 814 3094 pro
830 3047 889 3081 vero
911 3032 1033 3082 asseritur
1054 3034 1132 3098 quod,

186 3100 250 3149 from
260 3102 303 3151 the
314 3103 402 3165 garing
414 3102 443 3151 of
451 3117 467 3151 a
483 3103 562 3165 stag’s
572 3103 648 3151 horns
669 3099 704 3151 A.
716 3102 745 3152 S.
759 3102 793 3151 G.
807 3101 842 3151 H.
853 3103 886 3153 1..

187 3171 344 3222 aboutthree
361 3187 435 3234 years
452 3172 537 3222 before
554 3173 595 3222 his
610 3172 648 3220 fa·
705 3169 716 3200 ⁴
729 3172 842 3236 Cardia]
861 3174 891 3222 C.
899 3173 935 3223 D.
947 3172 980 3222 Ε.
992 3171 1040 3231 1..;
1051 3173 1133 3234 prima

186 3241 264 3291 ther's
290 3242 405 3292 decease.
451 3243 648 3304 Malmesbury's
671 3239 778 3304 Ceeilia,
788 3241 1052 3293 A.S.-‘Baldricus
1067 3243 1133 3291 Bur·

188 3315 304 3374 account,
325 3311 452 3375 however,
473 3313 496 3362 is
524 3310 647 3374 probably
671 3311 724 3372 gul.
746 3314 773 3359 in
794 3313 909 3362 versibus
930 3312 1060 3373 inscriptis
1079 3314 1133 3362 Ca·

187 3381 229 3431 the
240 3386 329 3432 truest.
364 3381 477 3431 Richard
487 3396 542 3431 was
557 3382 648 3431 buried
669 3379 734 3430 cilia
755 3381 823 3444 regis
837 3380 975 3444 Aoglorum
984 3381 1060 3447 filice,
1079 3398 1132 3431 me-

187 3457 215 3502 at
231 3451 399 3516 winchester,
417 3453 468 3501 and
484 3453 524 3502 his
543 3453 647 3514 epitaph
669 3451 743 3501 minit
760 3452 852 3501 sororis
873 3467 950 3514 quam
970 3453 1076 3502 Caeeilia
1092 3468 1132 3502 se·

186 3523 525 3584 styleshimBeorniaedux.
557 3521 647 3589 (send.
670 3536 728 3570 cum
749 3523 776 3570 in
798 3523 976 3573 monasterium
1003 3526 1130 3572 traxerat:

188 3591 530 3658 Gened.}1ist.fol.1ror.)
668 3592 784 3642 sicenim
793 3592 885 3643 habet:

191 3689 193 3693 ·
222 3661 363 3714 'Salutis
379 3664 506 3728 crebriis]
523 3664 557 3715 A.
570 3664 599 3714 S.
611 3666 646 3714 D.
670 3663 767 3712 Audivi
788 3663 925 3724 quamdam
946 3668 970 3712 te
993 3663 1132 3713 detinuisse

187 3734 237 3794 lae
253 3736 357 3786 omltted
366 3737 393 3785 in
406 3737 436 3787 G.
447 3737 480 3788 E.
492 3737 528 3785 K.
705 3748 824 3796 sororem,

220 3801 292 3853 ἸΝ
312 3805 414 3854 libenter
505 3820 562 3854 nam
581 3808 648 3868 post-
671 3804 912 3867 Cujusfamameas
923 3804 1060 3866 aliquando
1075 3819 1132 3867 per·

187 3869 304 3944 modum]
325 3877 355 3926 C.
368 3877 404 3926 D.
425 3876 455 3926 Ε.
474 3876 524 3936 Κ.;
544 3874 647 3924 infando
706 3875 863 3926 eulitaures.

187 3959 291 4006 prorsus
308 3946 463 4008 specemlo,
478 3951 509 3994 ut
525 3946 570 3995 ubi
589 3949 647 3994 ante
671 3945 770 3993 Nomen
780 3945 800 3993 it
810 3946 935 4009 elapsum,
941 3944 1036 3996 vidisse
1048 3948 1132 3993 nmen

188 4015 229 4064 vel
247 4015 359 4066 humana
381 4016 536 4066 conversatio
552 4015 593 4064 vel
609 4015 647 4064 di·
702 4015 866 4065 reminiscor!

187 4085 247 4135 vina
257 4087 385 4137 veneratio
394 4087 516 4147 fervebat,
526 4101 593 4136 nune
610 4086 647 4134 ibi
751 4082 832 4150 (Note
843 4086 870 4133 in
880 4085 964 4147 Bouq.
976 4097 1015 4134 ιιι.
1027 4080 1097 4148 189.)

188 4157 257 4206 cerri
267 4162 293 4207 et
302 4158 422 4220 capreoli,
432 4163 459 4206 et
472 4162 571 4207 eaeterae
582 4155 647 4205 illud
705 4155 715 4185 ³
732 4155 823 4218 Vivit]
843 4157 873 4206 C.
886 4157 918 4205 Ε.
931 4157 979 4217 1..;
992 4171 1050 4217 quae
1061 4154 1134 4216 vivit,

189 4240 269 4290 genus
278 4229 368 4279 bestiae
378 4228 520 4290 petulanter
527 4226 648 4278 discursi-
670 4224 704 4275 A.
714 4224 746 4285 S.
758 4226 800 4293 D.
941 4245 944 4249 ·

942 4315 1014 4360 aaa
