2866 4868
179 588 266 627 Contest
275 585 298 625 ol

180 640 241 686 Emp.
251 637 307 676 Hen.

180 688 207 726 V.
215 687 267 726 with
276 688 314 725 the

182 738 246 788 Papel
254 748 296 777 see.

338 393 403 458 666
553 408 667 457 susm
691 406 818 455 nncuu
841 405 1055 455 arenosum
1152 388 1240 471 [mn.
1257 404 1294 452 v.

339 572 405 642 ret,
429 565 622 631 involvens.
676 564 735 630 Ita
753 573 907 647 tempore
931 563 1112 647 aliquanto
1138 562 1175 626 in
1200 561 1291 626 inse·

341 665 487 728 rioribus
510 666 624 749 plagis
646 672 813 742 moratus,
829 672 869 729 nt
884 670 1002 748 partes
1026 681 1109 726 suas
1131 668 1291 744 angeret,

343 764 505 843 Romam,
520 768 721 850 compositis
739 767 776 829 in
792 764 911 829 Gallia
925 765 1040 841 rebus,
1053 762 1161 837 venit,
1181 762 1293 825 liben-

342 872 464 946 terque
475 885 497 927 6
510 866 644 931 civibus
658 865 757 951 (nam
768 865 844 948 jam
857 865 1047 945 imperator
1064 856 1293 944 discesserat)

344 972 503 1047 receptus
519 973 583 1030 est.
635 964 726 1028 Tum
750 964 938 1041 Burdinus,
955 962 990 1027 in
1008 961 1291 1038 mediorelictus,

345 1064 498 1127 Sutrium
515 1064 647 1147 effugit,
664 1065 783 1128 multis
799 1064 1057 1147 peregrinorum
1079 1061 1292 1125 calamitati·

345 1165 409 1226 bus
435 1171 602 1247 papatum
627 1183 728 1228 suum
749 1164 867 1228 fovere
883 1163 1092 1242 meditatus;
1120 1160 1194 1237 sed,
1220 1179 1292 1242 quo

345 1263 446 1328 modo
474 1264 554 1329 inde
587 1264 633 1329 sit
664 1264 808 1348 ejectus,
839 1262 998 1346 sequenti
1028 1261 1176 1344 epistola
1205 1279 1291 1342 cog·

345 1381 478 1426 nosces,
623 1376 631 1388 “

397 1462 508 1545 5433.
540 1461 724 1526 ‘calixtus
751 1462 945 1545 episcopus,
969 1478 1090 1525 servus
1111 1477 1291 1524 servorum

346 1562 426 1639 Dei,
455 1562 590 1626 dilectis
619 1560 785 1626 fratribus
823 1570 859 1626 et
888 1559 982 1639 filiis,
1011 1559 1293 1642 archiepiscopis,

346 1662 530 1744 episcopie,
556 1663 752 1739 66666666,
782 1661 967 1744 prioribnS,
997 1666 1033 1724 et
1056 1660 1193 1724 caeteris
1219 1666 1292 1723 tam

346 1761 479 1824 clericis
509 1780 613 1843 quam
646 1763 756 1840 laicis,
784 1761 878 1824 beati
911 1759 1008 1824 Petri
1035 1757 1206 1836 fidelibus,
1231 1777 1294 1841 per

346 1858 482 1925 Gallias
499 1861 710 1939 constitutis,
723 1862 872 1925 salutem
887 1869 923 1925 et
938 1859 1164 1942 apostolicam
1188 1859 1293 1922 bene·

346 1960 541 2025 dictionem.
594 1960 688 2039 Quia
711 1961 895 2044 dereliquit
915 1959 1065 2042 populus
1089 1958 1202 2039 legem
1217 1957 1293 2022 Do·

345 2061 442 2138 mini,
464 2062 550 2125 etin
562 2060 703 2144 judiciis
717 2060 794 2145 ejus
812 2080 883 2124 non
900 2059 1065 2136 ambulat,
1079 2058 1201 2123 visitat
1216 2057 1292 2122 Do·

345 2160 459 2222 minus
481 2161 582 2243 virga
605 2161 807 2243 iniquitates
830 2178 948 2224 eorum
975 2165 1012 2223 et
1033 2158 1070 2221 in
1093 2157 1294 2222 verberibus

345 2258 489 2340 peccata
512 2280 651 2325 eorum:
675 2267 829 2344 patemae
855 2267 971 2324 tamen
992 2275 1201 2322 conservans
1220 2256 1293 2321 vis·

346 2377 426 2421 cera
457 2360 609 2441 pietatis,
638 2360 680 2424 de
712 2379 778 2425 sua
811 2358 1022 2424 confidentes
1055 2354 1293 2422 misericordia

346 2475 416 2519 non
432 2459 607 2542 relinquit.
659 2461 731 2524 Diu
753 2459 933 2542 siquidem,
948 2457 1100 2540 peccatis
1119 2455 1292 2538 exigenti·

346 2557 423 2633 bus,
450 2577 511 2639 per
531 2557 617 2620 illud
631 2558 902 2623 Teutonicorum
927 2555 1020 2639 regis
1042 2555 1186 2633 idolum,
1200 2554 1293 2618 Bur·

346 2654 465 2719 dinum
478 2657 650 2735 videlicet,
664 2657 782 2722 fideles
800 2657 954 2722 ecclesiae
970 2655 1169 2721 conturbati
1184 2660 1292 2736 sunt3

346 2755 455 2818 etalii
471 2756 608 2838 quidem
630 2758 736 2839 capti,
749 2756 809 2820 alii
825 2776 936 2840 usque
952 2755 996 2819 ad
1014 2761 1161 2819 mortem
1175 2773 1292 2818 carce·

347 2855 394 2917 ris
408 2857 640 2920 maceratione
652 2855 770 2920 afflicti
783 2863 876 2920 sunt.
915 2855 1039 2937 Nuper
1053 2861 1182 2932 autem,
1193 2853 1293 2918 festis

348 2953 574 3019 Paschalibus
589 2956 783 3033 celebratis,
796 2975 874 3020 cum
888 2955 1148 3037 peregrinorum
1163 2960 1199 3017 et
1208 2971 1295 3037 pau·

346 3073 467 3137 perum
480 3055 647 3119 clamores
661 3055 750 3119 ferre
763 3055 903 3139 penitus
920 3075 990 3135 non
1006 3071 1199 3137 possemus,
1215 3072 1295 3117 cum

347 3155 501 3218 ecclesiae
518 3154 677 3219 fidelibus
688 3158 732 3219 ab
744 3157 830 3219 urbe
843 3155 990 3237 digressi
1006 3172 1139 3231 sumus,
1152 3160 1190 3219 et
1205 3160 1296 3217 tam·

346 3252 405 3317 diu
424 3254 576 3318 Sutrium
594 3254 803 3334 obsedimus,
818 3254 927 3319 donec
942 3254 1061 3318 divina
1082 3253 1241 3336 potentia
1256 3259 1294 3317 et

347 3354 580 3435 supradictum
605 3354 760 3419 ecclosiae
781 3353 957 3419 inimicum
985 3352 1191 3431 Burdinum,
1213 3350 1294 3439 (qui

346 3452 484 3517 diabolo
509 3454 627 3517 nidum
652 3455 779 3518 ibidem
801 3450 960 3538 fecorat)
981 3453 1145 3517 stlocum
1166 3453 1295 3535 ipsum,

347 3552 486 3616 omnino
508 3552 545 3615 in
567 3561 721 3617 nostram
737 3553 879 3619 tradidit
898 3559 1118 3636 potestatem.
1172 3551 1295 3634 Roga·

346 3672 422 3715 mus
440 3654 558 3734 itaque
580 3652 785 3719 charitatem
800 3659 951 3718 vestram
973 3659 1013 3716 ut
1029 3672 1091 3735 pro
1107 3652 1216 3715 tantis
1232 3652 1293 3715 be-

347 3751 478 3815 neficiis
500 3771 570 3815 una
589 3752 767 3817 nobiscum
791 3753 883 3835 Regi
907 3772 1027 3834 regum
1047 3751 1180 3834 gratias
1204 3750 1294 3815 rele-

347 3851 444 3928 ratis,
460 3857 496 3914 ot
512 3851 548 3914 in
569 3852 748 3916 catholicae
767 3852 922 3916 ecclesiae
945 3851 1142 3916 obedientia
1161 3857 1197 3913 et
1218 3869 1292 3914 ser·
1326 3929 1330 3935 Ι

345 3949 431 4013 vitio
453 3953 731 4014 constantissime
753 3952 935 4031 maneatis
952 3951 1212 4016 retributionem
1234 3949 1295 4014 de·

345 4047 452 4111 bitam
474 4049 509 4112 in
532 4052 695 4132 praesenti
717 4058 753 4115 et
773 4051 891 4117 futuro
908 4053 952 4114 ab
969 4051 1204 4134 omnipotente
1218 4049 1294 4113 Do-

344 4142 437 4213 mino
466 4169 528 4232 per
558 4151 633 4234 ejus
671 4151 819 4234 gratiam
857 4150 1039 4234 recepturi.
1110 4149 1292 4232 Rogamus
