<?xml version="1.0" encoding="UTF-8"?>
<!DOCTYPE html PUBLIC "-//W3C//DTD XHTML 1.0 Transitional//EN"
    "http://www.w3.org/TR/xhtml1/DTD/xhtml1-transitional.dtd">
<html xmlns="http://www.w3.org/1999/xhtml" xml:lang="en" lang="en">
 <head>
  <title>
</title>
<meta http-equiv="Content-Type" content="text/html;charset=utf-8" />
  <meta name='ocr-system' content='tesseract 3.04.00' />
  <meta name='ocr-capabilities' content='ocr_page ocr_carea ocr_par ocr_line ocrx_word'/>
</head>
<body>
  <div class='ocr_page' id='page_1' title='image "./gestaregumanglo00willgoog_0139.png"; bbox 0 0 2866 4868; ppageno 0'>
   <div class='ocr_carea' id='block_1_1' title="bbox 344 419 1301 500">
    <p class='ocr_par' dir='ltr' id='par_1_1' title="bbox 344 419 1301 500">
     <span class='ocr_line' id='line_1_1' title="bbox 344 419 1301 500; baseline -0.004 -17"><span class='ocrx_word' id='word_1_1' title='bbox 344 419 410 483; x_wconf 85' lang='lat'><strong>516</strong></span> <span class='ocrx_word' id='word_1_2' title='bbox 558 435 671 482; x_wconf 80' lang='lat' dir='ltr'><strong>cusrrr</strong></span> <span class='ocrx_word' id='word_1_3' title='bbox 695 435 821 483; x_wconf 85' lang='lat' dir='ltr'><strong>nncuu</strong></span> <span class='ocrx_word' id='word_1_4' title='bbox 846 434 1060 482; x_wconf 77' lang='lat' dir='ltr'><strong>nucconuu.</strong></span> <span class='ocrx_word' id='word_1_5' title='bbox 1143 419 1301 500; x_wconf 79' lang='lat' dir='ltr'><strong>[marr.</strong></span> 
     </span>
    </p>
   </div>
   <div class='ocr_carea' id='block_1_2' title="bbox 180 591 1310 4074">
    <p class='ocr_par' dir='ltr' id='par_1_2' title="bbox 180 591 1310 4074">
     <span class='ocr_line' id='line_1_2' title="bbox 180 591 1300 676; baseline -0.002 -20"><span class='ocrx_word' id='word_1_6' title='bbox 180 617 331 676; x_wconf 65' lang='lat' dir='ltr'><strong>ouanprne</strong></span> <span class='ocrx_word' id='word_1_7' title='bbox 339 592 414 676; x_wconf 91' lang='lat' dir='ltr'><strong>jam</strong></span> <span class='ocrx_word' id='word_1_8' title='bbox 433 612 495 674; x_wconf 93' lang='lat' dir='ltr'><strong>per</strong></span> <span class='ocrx_word' id='word_1_9' title='bbox 516 612 593 655; x_wconf 97' lang='lat' dir='ltr'><strong>eum</strong></span> <span class='ocrx_word' id='word_1_10' title='bbox 623 591 738 669; x_wconf 83' lang='lat' dir='ltr'><strong>sactae,</strong></span> <span class='ocrx_word' id='word_1_11' title='bbox 767 599 897 673; x_wconf 85' lang='lat' dir='ltr'><strong>septem</strong></span> <span class='ocrx_word' id='word_1_12' title='bbox 926 600 1064 675; x_wconf 86' lang='lat' dir='ltr'><strong>coeptae.</strong></span> <span class='ocrx_word' id='word_1_13' title='bbox 1128 591 1186 656; x_wconf 90' lang='lat' dir='ltr'><strong>Ita</strong></span> <span class='ocrx_word' id='word_1_14' title='bbox 1207 591 1300 673; x_wconf 89' lang='lat' dir='ltr'><strong>ipse,</strong></span> 
     </span>
     <span class='ocr_line' id='line_1_3' title="bbox 181 668 1299 774; baseline -0.002 -18"><span class='ocrx_word' id='word_1_15' title='bbox 181 668 298 757; x_wconf 47' lang='lat' dir='ltr'><strong>ibim</strong></span> <span class='ocrx_word' id='word_1_16' title='bbox 345 711 469 756; x_wconf 89' lang='lat' dir='ltr'><strong>resona</strong></span> <span class='ocrx_word' id='word_1_17' title='bbox 491 693 559 756; x_wconf 89' lang='lat' dir='ltr'><strong>Dei</strong></span> <span class='ocrx_word' id='word_1_18' title='bbox 581 693 677 768; x_wconf 91' lang='lat' dir='ltr'><strong>tuba,</strong></span> <span class='ocrx_word' id='word_1_19' title='bbox 700 692 961 774; x_wconf 89' lang='lat' dir='ltr'><strong>circumpositos</strong></span> <span class='ocrx_word' id='word_1_20' title='bbox 987 701 1062 757; x_wconf 93' lang='lat' dir='ltr'><strong>tum</strong></span> <span class='ocrx_word' id='word_1_21' title='bbox 1079 693 1196 768; x_wconf 88' lang='lat' dir='ltr'><strong>verbo,</strong></span> <span class='ocrx_word' id='word_1_22' title='bbox 1220 698 1299 754; x_wconf 90' lang='lat' dir='ltr'><strong>tum</strong></span> 
     </span>
     <span class='ocr_line' id='line_1_4' title="bbox 345 791 1298 876; baseline -0.002 -20"><span class='ocrx_word' id='word_1_23' title='bbox 345 793 516 874; x_wconf 84' lang='lat' dir='ltr'><strong>exemplo,</strong></span> <span class='ocrx_word' id='word_1_24' title='bbox 530 793 564 854; x_wconf 91' lang='lat' dir='ltr'><strong>in</strong></span> <span class='ocrx_word' id='word_1_25' title='bbox 580 791 707 855; x_wconf 85' lang='lat' dir='ltr'><strong>coelum</strong></span> <span class='ocrx_word' id='word_1_26' title='bbox 722 791 852 874; x_wconf 86' lang='lat' dir='ltr'>dirigit,</span> <span class='ocrx_word' id='word_1_27' title='bbox 869 792 955 855; x_wconf 91' lang='lat' dir='ltr'>nihil</span> <span class='ocrx_word' id='word_1_28' title='bbox 973 792 1062 856; x_wconf 87' lang='lat' dir='ltr'><strong>infra</strong></span> <span class='ocrx_word' id='word_1_29' title='bbox 1081 799 1298 876; x_wconf 85' lang='lat' dir='ltr'><strong>praeceptum</strong></span> 
     </span>
     <span class='ocr_line' id='line_1_5' title="bbox 345 892 1298 976; baseline 0.001 -21"><span class='ocrx_word' id='word_1_30' title='bbox 345 892 494 956; x_wconf 83' lang='lat' dir='ltr'><strong>faciens:</strong></span> <span class='ocrx_word' id='word_1_31' title='bbox 530 911 687 956; x_wconf 82' lang='lat' dir='ltr'>sermone</span> <span class='ocrx_word' id='word_1_32' title='bbox 712 894 832 969; x_wconf 89' lang='lat' dir='ltr'><strong>comis,</strong></span> <span class='ocrx_word' id='word_1_33' title='bbox 858 892 946 956; x_wconf 83' lang='lat' dir='ltr'><strong>facie</strong></span> <span class='ocrx_word' id='word_1_34' title='bbox 966 892 1153 976; x_wconf 91' lang='lat' dir='ltr'><strong>jocundus,</strong></span> <span class='ocrx_word' id='word_1_35' title='bbox 1177 892 1298 956; x_wconf 85' lang='lat' dir='ltr'><strong>animo</strong></span> 
     </span>
     <span class='ocr_line' id='line_1_6' title="bbox 345 991 1298 1075; baseline -0.002 -19"><span class='ocrx_word' id='word_1_36' title='bbox 345 1012 480 1075; x_wconf 85' lang='lat' dir='ltr'><strong>semper</strong></span> <span class='ocrx_word' id='word_1_37' title='bbox 495 993 531 1055; x_wconf 94' lang='lat' dir='ltr'><strong>in</strong></span> <span class='ocrx_word' id='word_1_38' title='bbox 549 992 699 1055; x_wconf 89' lang='lat' dir='ltr'><strong>Domino</strong></span> <span class='ocrx_word' id='word_1_39' title='bbox 715 991 829 1056; x_wconf 86' lang='lat' dir='ltr'><strong>laetus.</strong></span> <span class='ocrx_word' id='word_1_40' title='bbox 882 991 978 1055; x_wconf 93' lang='lat' dir='ltr'><strong>Hinc</strong></span> <span class='ocrx_word' id='word_1_41' title='bbox 996 993 1112 1075; x_wconf 90' lang='lat' dir='ltr'><strong>palam</strong></span> <span class='ocrx_word' id='word_1_42' title='bbox 1134 991 1298 1074; x_wconf 87' lang='lat' dir='ltr'><strong>praeclari</strong></span> 
     </span>
     <span class='ocr_line' id='line_1_7' title="bbox 341 1091 1297 1174; baseline -0.007 -14"><span class='ocrx_word' id='word_1_43' title='bbox 341 1091 463 1160; x_wconf 89' lang='lat' dir='ltr'><strong>.vultus</strong></span> <span class='ocrx_word' id='word_1_44' title='bbox 483 1092 659 1171; x_wconf 85' lang='lat' dir='ltr'><strong>gaudium,</strong></span> <span class='ocrx_word' id='word_1_45' title='bbox 674 1091 753 1154; x_wconf 94' lang='lat' dir='ltr'><strong>binc</strong></span> <span class='ocrx_word' id='word_1_46' title='bbox 769 1092 870 1168; x_wconf 91' lang='lat' dir='ltr'><strong>clam,</strong></span> <span class='ocrx_word' id='word_1_47' title='bbox 885 1091 970 1155; x_wconf 91' lang='lat' dir='ltr'><strong>illud</strong></span> <span class='ocrx_word' id='word_1_48' title='bbox 990 1093 1138 1174; x_wconf 86' lang='lat' dir='ltr'><strong>desuper</strong></span> <span class='ocrx_word' id='word_1_49' title='bbox 1150 1092 1297 1155; x_wconf 86' lang='lat' dir='ltr'><strong>veniens</strong></span> 
     </span>
     <span class='ocr_line' id='line_1_8' title="bbox 345 1191 1297 1274; baseline 0.002 -21"><span class='ocrx_word' id='word_1_50' title='bbox 345 1191 531 1274; x_wconf 81' lang='lat' dir='ltr'><strong>irriguum3</strong></span> <span class='ocrx_word' id='word_1_51' title='bbox 555 1192 649 1273; x_wconf 90' lang='lat' dir='ltr'><strong>quia,</strong></span> <span class='ocrx_word' id='word_1_52' title='bbox 671 1191 860 1255; x_wconf 90' lang='lat' dir='ltr'><strong>incolatum</strong></span> <span class='ocrx_word' id='word_1_53' title='bbox 882 1193 988 1255; x_wconf 90' lang='lat' dir='ltr'><strong>istum</strong></span> <span class='ocrx_word' id='word_1_54' title='bbox 1016 1191 1209 1268; x_wconf 70' lang='lat' dir='ltr'><strong>fastidiens</strong></span> <span class='ocrx_word' id='word_1_55' title='bbox 1233 1210 1297 1272; x_wconf 92' lang='lat' dir='ltr'><strong>pa-</strong></span> 
     </span>
     <span class='ocr_line' id='line_1_9' title="bbox 346 1290 1297 1356; baseline 0 -2"><span class='ocrx_word' id='word_1_56' title='bbox 346 1293 448 1355; x_wconf 94' lang='lat' dir='ltr'><strong>triam</strong></span> <span class='ocrx_word' id='word_1_57' title='bbox 473 1293 638 1355; x_wconf 92' lang='lat' dir='ltr'><strong>continuo</strong></span> <span class='ocrx_word' id='word_1_58' title='bbox 671 1310 787 1355; x_wconf 90' lang='lat' dir='ltr'><strong>amore</strong></span> <span class='ocrx_word' id='word_1_59' title='bbox 812 1291 995 1355; x_wconf 82' lang='lat' dir='ltr'><strong>desideret.</strong></span> <span class='ocrx_word' id='word_1_60' title='bbox 1047 1292 1118 1355; x_wconf 89' lang='lat' dir='ltr'><strong>Per</strong></span> <span class='ocrx_word' id='word_1_61' title='bbox 1139 1291 1216 1356; x_wconf 87' lang='lat' dir='ltr'><strong>baec</strong></span> <span class='ocrx_word' id='word_1_62' title='bbox 1242 1290 1297 1354; x_wconf 84' lang='lat' dir='ltr'><strong>fa-</strong></span> 
     </span>
     <span class='ocr_line' id='line_1_10' title="bbox 346 1390 1298 1474; baseline -0.001 -19"><span class='ocrx_word' id='word_1_63' title='bbox 346 1390 509 1457; x_wconf 84' lang='lat' dir='ltr'><strong>vorabilis</strong></span> <span class='ocrx_word' id='word_1_64' title='bbox 524 1393 657 1455; x_wconf 90' lang='lat' dir='ltr'><strong>cunctis</strong></span> <span class='ocrx_word' id='word_1_65' title='bbox 675 1391 832 1468; x_wconf 89' lang='lat' dir='ltr'><strong>habetur,</strong></span> <span class='ocrx_word' id='word_1_66' title='bbox 849 1392 932 1474; x_wconf 91' lang='lat' dir='ltr'><strong>quia</strong></span> <span class='ocrx_word' id='word_1_67' title='bbox 947 1392 1044 1456; x_wconf 89' lang='lat' dir='ltr'><strong>Deus</strong></span> <span class='ocrx_word' id='word_1_68' title='bbox 1060 1412 1211 1456; x_wconf 89' lang='lat' dir='ltr'><strong>amorem</strong></span> <span class='ocrx_word' id='word_1_69' title='bbox 1230 1390 1298 1455; x_wconf 87' lang='lat' dir='ltr'><strong>viri</strong></span> 
     </span>
     <span class='ocr_line' id='line_1_11' title="bbox 344 1491 1298 1574; baseline -0.001 -20"><span class='ocrx_word' id='word_1_70' title='bbox 344 1511 447 1574; x_wconf 93' lang='lat' dir='ltr'><strong>quem</strong></span> <span class='ocrx_word' id='word_1_71' title='bbox 471 1492 584 1573; x_wconf 76' lang='lat' dir='ltr'>diligit</span> <span class='ocrx_word' id='word_1_72' title='bbox 606 1491 642 1553; x_wconf 91' lang='lat' dir='ltr'><strong>in</strong></span> <span class='ocrx_word' id='word_1_73' title='bbox 673 1492 805 1554; x_wconf 90' lang='lat' dir='ltr'><strong>animos</strong></span> <span class='ocrx_word' id='word_1_74' title='bbox 830 1491 1008 1555; x_wconf 90' lang='lat' dir='ltr'><strong>bominum</strong></span> <span class='ocrx_word' id='word_1_75' title='bbox 1035 1492 1221 1574; x_wconf 83' lang='lat' dir='ltr'><strong>dignanter</strong></span> <span class='ocrx_word' id='word_1_76' title='bbox 1244 1511 1298 1554; x_wconf 89' lang='lat' dir='ltr'><strong>re-</strong></span> 
     </span>
     <span class='ocr_line' id='line_1_12' title="bbox 343 1590 1295 1675; baseline 0 -22"><span class='ocrx_word' id='word_1_77' title='bbox 343 1590 444 1655; x_wconf 84' lang='lat' dir='ltr'><strong>fudit.</strong></span> <span class='ocrx_word' id='word_1_78' title='bbox 497 1591 670 1670; x_wconf 83' lang='lat' dir='ltr'>Quocirca</span> <span class='ocrx_word' id='word_1_79' title='bbox 682 1592 823 1654; x_wconf 90' lang='lat' dir='ltr'><strong>beatum</strong></span> <span class='ocrx_word' id='word_1_80' title='bbox 838 1610 876 1653; x_wconf 89' lang='lat' dir='ltr'><strong>se</strong></span> <span class='ocrx_word' id='word_1_81' title='bbox 889 1599 1069 1675; x_wconf 91' lang='lat' dir='ltr'><strong>computat</strong></span> <span class='ocrx_word' id='word_1_82' title='bbox 1083 1600 1186 1656; x_wconf 88' lang='lat' dir='ltr'><strong>terrae</strong></span> <span class='ocrx_word' id='word_1_83' title='bbox 1201 1590 1295 1654; x_wconf 91' lang='lat' dir='ltr'><strong>illius</strong></span> 
     </span>
     <span class='ocr_line' id='line_1_13' title="bbox 343 1691 1295 1774; baseline -0.001 -20"><span class='ocrx_word' id='word_1_84' title='bbox 343 1692 507 1773; x_wconf 85' lang='lat' dir='ltr'><strong>indigena</strong></span> <span class='ocrx_word' id='word_1_85' title='bbox 518 1691 673 1774; x_wconf 91' lang='lat' dir='ltr'><strong>quisquis</strong></span> <span class='ocrx_word' id='word_1_86' title='bbox 691 1710 752 1773; x_wconf 90' lang='lat' dir='ltr'><strong>per</strong></span> <span class='ocrx_word' id='word_1_87' title='bbox 766 1691 859 1754; x_wconf 92' lang='lat' dir='ltr'><strong>illius</strong></span> <span class='ocrx_word' id='word_1_88' title='bbox 875 1711 1015 1755; x_wconf 93' lang='lat' dir='ltr'><strong>manum</strong></span> <span class='ocrx_word' id='word_1_89' title='bbox 1029 1693 1195 1774; x_wconf 84' lang='lat' dir='ltr'><strong>pecunias</strong></span> <span class='ocrx_word' id='word_1_90' title='bbox 1211 1709 1295 1754; x_wconf 91' lang='lat' dir='ltr'><strong>suas</strong></span> 
     </span>
     <span class='ocr_line' id='line_1_14' title="bbox 344 1785 1295 1874; baseline -0.001 -20"><span class='ocrx_word' id='word_1_91' title='bbox 344 1792 547 1855; x_wconf 83' lang='lat' dir='ltr'><strong>transmittit</strong></span> <span class='ocrx_word' id='word_1_92' title='bbox 573 1785 632 1853; x_wconf 84' lang='lat' dir='ltr'><strong>¹ad</strong></span> <span class='ocrx_word' id='word_1_93' title='bbox 659 1790 785 1854; x_wconf 89' lang='lat' dir='ltr'><strong>Deum.</strong></span> <span class='ocrx_word' id='word_1_94' title='bbox 837 1790 946 1854; x_wconf 92' lang='lat' dir='ltr'><strong>Plura</strong></span> <span class='ocrx_word' id='word_1_95' title='bbox 972 1791 1110 1874; x_wconf 92' lang='lat' dir='ltr'><strong>quidem</strong></span> <span class='ocrx_word' id='word_1_96' title='bbox 1142 1791 1202 1854; x_wconf 91' lang='lat' dir='ltr'><strong>ille</strong></span> <span class='ocrx_word' id='word_1_97' title='bbox 1236 1809 1295 1854; x_wconf 90' lang='lat' dir='ltr'><strong>ac-</strong></span> 
     </span>
     <span class='ocr_line' id='line_1_15' title="bbox 343 1891 1295 1974; baseline 0 -20"><span class='ocrx_word' id='word_1_98' title='bbox 343 1891 449 1974; x_wconf 80' lang='lat' dir='ltr'><strong>cipit3</strong></span> <span class='ocrx_word' id='word_1_99' title='bbox 482 1891 554 1968; x_wconf 90' lang='lat' dir='ltr'><strong>sed,</strong></span> <span class='ocrx_word' id='word_1_100' title='bbox 579 1892 699 1973; x_wconf 92' lang='lat' dir='ltr'><strong>paucis</strong></span> <span class='ocrx_word' id='word_1_101' title='bbox 724 1891 760 1953; x_wconf 93' lang='lat' dir='ltr'><strong>in</strong></span> <span class='ocrx_word' id='word_1_102' title='bbox 783 1910 866 1953; x_wconf 88' lang='lat' dir='ltr'><strong>suos</strong></span> <span class='ocrx_word' id='word_1_103' title='bbox 889 1910 1099 1974; x_wconf 91' lang='lat' dir='ltr'><strong>suorumque</strong></span> <span class='ocrx_word' id='word_1_104' title='bbox 1124 1910 1209 1954; x_wconf 90' lang='lat' dir='ltr'><strong>usus</strong></span> <span class='ocrx_word' id='word_1_105' title='bbox 1232 1910 1295 1954; x_wconf 84' lang='lat' dir='ltr'><strong>ex·</strong></span> 
     </span>
     <span class='ocr_line' id='line_1_16' title="bbox 343 1989 1295 2073; baseline -0.003 -18"><span class='ocrx_word' id='word_1_106' title='bbox 343 1992 472 2073; x_wconf 85' lang='lat' dir='ltr'><strong>pensis,</strong></span> <span class='ocrx_word' id='word_1_107' title='bbox 488 1997 615 2054; x_wconf 87' lang='lat' dir='ltr'><strong>caetera</strong></span> <span class='ocrx_word' id='word_1_108' title='bbox 628 1992 664 2054; x_wconf 93' lang='lat' dir='ltr'><strong>in</strong></span> <span class='ocrx_word' id='word_1_109' title='bbox 678 2010 806 2072; x_wconf 83' lang='lat' dir='ltr'><strong>egenos</strong></span> <span class='ocrx_word' id='word_1_110' title='bbox 824 1998 859 2054; x_wconf 90' lang='lat' dir='ltr'><strong>et</strong></span> <span class='ocrx_word' id='word_1_111' title='bbox 875 1993 1162 2056; x_wconf 82' lang='lat' dir='ltr'><strong>monasteriorum</strong></span> <span class='ocrx_word' id='word_1_112' title='bbox 1185 1989 1295 2054; x_wconf 85' lang='lat' dir='ltr'><strong>aedifi-</strong></span> 
     </span>
     <span class='ocr_line' id='line_1_17' title="bbox 343 2090 1294 2174; baseline -0.001 -20"><span class='ocrx_word' id='word_1_113' title='bbox 343 2093 515 2155; x_wconf 90' lang='lat' dir='ltr'><strong>cationem</strong></span> <span class='ocrx_word' id='word_1_114' title='bbox 530 2091 710 2155; x_wconf 79' lang='lat' dir='ltr'><strong>confestim</strong></span> <span class='ocrx_word' id='word_1_115' title='bbox 725 2090 894 2173; x_wconf 87' lang='lat' dir='ltr'><strong>dispertit.</strong></span> <span class='ocrx_word' id='word_1_116' title='bbox 936 2092 1001 2156; x_wconf 91' lang='lat' dir='ltr'><strong>Est</strong></span> <span class='ocrx_word' id='word_1_117' title='bbox 1017 2093 1110 2155; x_wconf 89' lang='lat' dir='ltr'><strong>enim</strong></span> <span class='ocrx_word' id='word_1_118' title='bbox 1125 2090 1294 2174; x_wconf 86' lang='lat' dir='ltr'><strong>Stephani</strong></span> 
     </span>
     <span class='ocr_line' id='line_1_18' title="bbox 343 2191 1294 2273; baseline -0.002 -19"><span class='ocrx_word' id='word_1_119' title='bbox 343 2192 555 2273; x_wconf 90' lang='lat' dir='ltr'><strong>marsupium</strong></span> <span class='ocrx_word' id='word_1_120' title='bbox 570 2192 722 2255; x_wconf 91' lang='lat' dir='ltr'><strong>omnium</strong></span> <span class='ocrx_word' id='word_1_121' title='bbox 736 2191 907 2271; x_wconf 85' lang='lat' dir='ltr'><strong>egentium</strong></span> <span class='ocrx_word' id='word_1_122' title='bbox 924 2193 1099 2273; x_wconf 91' lang='lat' dir='ltr'><strong>publicum</strong></span> <span class='ocrx_word' id='word_1_123' title='bbox 1121 2191 1294 2255; x_wconf 87' lang='lat' dir='ltr'><strong>aerarium.</strong></span> 
     </span>
     <span class='ocr_line' id='line_1_19' title="bbox 344 2289 1294 2375; baseline -0.002 -20"><span class='ocrx_word' id='word_1_124' title='bbox 344 2291 576 2355; x_wconf 81' lang='lat' dir='ltr'><strong>Abstinentiae</strong></span> <span class='ocrx_word' id='word_1_125' title='bbox 604 2291 696 2354; x_wconf 90' lang='lat' dir='ltr'><strong>illius</strong></span> <span class='ocrx_word' id='word_1_126' title='bbox 721 2298 774 2354; x_wconf 90' lang='lat' dir='ltr'><strong>est</strong></span> <span class='ocrx_word' id='word_1_127' title='bbox 799 2290 977 2369; x_wconf 89' lang='lat' dir='ltr'><strong>indicium,</strong></span> <span class='ocrx_word' id='word_1_128' title='bbox 1005 2292 1097 2375; x_wconf 91' lang='lat' dir='ltr'><strong>quod</strong></span> <span class='ocrx_word' id='word_1_129' title='bbox 1125 2290 1211 2354; x_wconf 92' lang='lat' dir='ltr'><strong>nihil</strong></span> <span class='ocrx_word' id='word_1_130' title='bbox 1233 2289 1294 2368; x_wconf 91' lang='lat' dir='ltr'><strong>ibi,</strong></span> 
     </span>
     <span class='ocr_line' id='line_1_20' title="bbox 344 2390 1294 2474; baseline 0.002 -21"><span class='ocrx_word' id='word_1_131' title='bbox 344 2391 435 2455; x_wconf 90' lang='lat' dir='ltr'><strong>sicut</strong></span> <span class='ocrx_word' id='word_1_132' title='bbox 455 2391 641 2454; x_wconf 86' lang='lat' dir='ltr'><strong>incaeteris</strong></span> <span class='ocrx_word' id='word_1_133' title='bbox 661 2390 840 2468; x_wconf 71' lang='lat' dir='ltr'><strong>coenobiis</strong></span> <span class='ocrx_word' id='word_1_134' title='bbox 857 2391 975 2454; x_wconf 90' lang='lat' dir='ltr'><strong>videas</strong></span> <span class='ocrx_word' id='word_1_135' title='bbox 997 2391 1174 2474; x_wconf 82' lang='lat' dir='ltr'><strong>fulgurare</strong></span> <span class='ocrx_word' id='word_1_136' title='bbox 1194 2409 1294 2469; x_wconf 91' lang='lat' dir='ltr'><strong>auro,</strong></span> 
     </span>
     <span class='ocr_line' id='line_1_21' title="bbox 344 2489 1295 2573; baseline 0.001 -20"><span class='ocrx_word' id='word_1_137' title='bbox 344 2491 498 2555; x_wconf 88' lang='lat' dir='ltr'><strong>renidere</strong></span> <span class='ocrx_word' id='word_1_138' title='bbox 522 2510 670 2573; x_wconf 84' lang='lat' dir='ltr'><strong>gemma,</strong></span> <span class='ocrx_word' id='word_1_139' title='bbox 690 2490 817 2554; x_wconf 86' lang='lat' dir='ltr'><strong>micare</strong></span> <span class='ocrx_word' id='word_1_140' title='bbox 839 2499 1007 2571; x_wconf 85' lang='lat' dir='ltr'><strong>argento;</strong></span> <span class='ocrx_word' id='word_1_141' title='bbox 1035 2511 1128 2569; x_wconf 91' lang='lat' dir='ltr'><strong>nam,</strong></span> <span class='ocrx_word' id='word_1_142' title='bbox 1143 2498 1183 2554; x_wconf 92' lang='lat' dir='ltr'><strong>ut</strong></span> <span class='ocrx_word' id='word_1_143' title='bbox 1198 2489 1295 2554; x_wconf 87' lang='lat' dir='ltr'><strong>Gen-</strong></span> 
     </span>
     <span class='ocr_line' id='line_1_22' title="bbox 343 2589 1294 2673; baseline -0.001 -19"><span class='ocrx_word' id='word_1_144' title='bbox 343 2591 416 2654; x_wconf 90' lang='lat' dir='ltr'><strong>tilis</strong></span> <span class='ocrx_word' id='word_1_145' title='bbox 440 2592 501 2668; x_wconf 90' lang='lat' dir='ltr'><strong>ait,</strong></span> <span class='ocrx_word' id='word_1_146' title='bbox 520 2591 578 2653; x_wconf 92' lang='lat' dir='ltr'><strong>‘in</strong></span> <span class='ocrx_word' id='word_1_147' title='bbox 604 2597 725 2655; x_wconf 90' lang='lat' dir='ltr'><strong>sancto</strong></span> <span class='ocrx_word' id='word_1_148' title='bbox 741 2590 823 2673; x_wconf 91' lang='lat' dir='ltr'><strong>quid</strong></span> <span class='ocrx_word' id='word_1_149' title='bbox 846 2589 931 2654; x_wconf 90' lang='lat' dir='ltr'><strong>facit</strong></span> <span class='ocrx_word' id='word_1_150' title='bbox 951 2611 1073 2654; x_wconf 89' lang='lat' dir='ltr'><strong>aurum</strong></span> <span class='ocrx_word' id='word_1_151' title='bbox 1085 2591 1112 2655; x_wconf 79' lang='lat' dir='ltr'><strong>l’</strong></span> <span class='ocrx_word' id='word_1_152' title='bbox 1158 2590 1235 2654; x_wconf 89' lang='lat' dir='ltr'><strong>Nos</strong></span> <span class='ocrx_word' id='word_1_153' title='bbox 1258 2591 1294 2653; x_wconf 91' lang='lat' dir='ltr'><strong>in</strong></span> 
     </span>
     <span class='ocr_line' id='line_1_23' title="bbox 344 2691 1295 2773; baseline 0 -19"><span class='ocrx_word' id='word_1_154' title='bbox 344 2691 489 2755; x_wconf 88' lang='lat' dir='ltr'><strong>sacratis</strong></span> <span class='ocrx_word' id='word_1_155' title='bbox 506 2691 599 2755; x_wconf 86' lang='lat' dir='ltr'><strong>vasis</strong></span> <span class='ocrx_word' id='word_1_156' title='bbox 625 2711 747 2773; x_wconf 90' lang='lat' dir='ltr'><strong>parum</strong></span> <span class='ocrx_word' id='word_1_157' title='bbox 768 2698 931 2772; x_wconf 91' lang='lat' dir='ltr'><strong>putamus</strong></span> <span class='ocrx_word' id='word_1_158' title='bbox 957 2699 1073 2755; x_wconf 89' lang='lat' dir='ltr'><strong>actum</strong></span> <span class='ocrx_word' id='word_1_159' title='bbox 1093 2691 1160 2754; x_wconf 90' lang='lat' dir='ltr'><strong>nisi</strong></span> <span class='ocrx_word' id='word_1_160' title='bbox 1184 2691 1295 2754; x_wconf 88' lang='lat' dir='ltr'><strong>crassi</strong></span> 
     </span>
     <span class='ocr_line' id='line_1_24' title="bbox 344 2790 1294 2874; baseline -0.001 -20"><span class='ocrx_word' id='word_1_161' title='bbox 344 2798 496 2854; x_wconf 89' lang='lat' dir='ltr'><strong>crustam</strong></span> <span class='ocrx_word' id='word_1_162' title='bbox 513 2790 645 2854; x_wconf 89' lang='lat' dir='ltr'><strong>metalli</strong></span> <span class='ocrx_word' id='word_1_163' title='bbox 657 2791 838 2854; x_wconf 89' lang='lat' dir='ltr'><strong>obumbret</strong></span> <span class='ocrx_word' id='word_1_164' title='bbox 854 2790 964 2854; x_wconf 90' lang='lat' dir='ltr'><strong>honor</strong></span> <span class='ocrx_word' id='word_1_165' title='bbox 984 2791 1149 2874; x_wconf 91' lang='lat' dir='ltr'><strong>lapidum,</strong></span> <span class='ocrx_word' id='word_1_166' title='bbox 1164 2790 1222 2854; x_wconf 85' lang='lat' dir='ltr'><strong>vel</strong></span> <span class='ocrx_word' id='word_1_167' title='bbox 1239 2796 1294 2854; x_wconf 90' lang='lat' dir='ltr'><strong>to-</strong></span> 
     </span>
     <span class='ocr_line' id='line_1_25' title="bbox 344 2890 1293 2972; baseline 0 -19"><span class='ocrx_word' id='word_1_168' title='bbox 344 2892 521 2972; x_wconf 83' lang='lat' dir='ltr'><strong>paziorum</strong></span> <span class='ocrx_word' id='word_1_169' title='bbox 535 2891 685 2968; x_wconf 89' lang='lat' dir='ltr'><strong>flamma,</strong></span> <span class='ocrx_word' id='word_1_170' title='bbox 697 2890 754 2955; x_wconf 86' lang='lat' dir='ltr'><strong>vel</strong></span> <span class='ocrx_word' id='word_1_171' title='bbox 769 2892 1006 2955; x_wconf 89' lang='lat' dir='ltr'><strong>ametistorum</strong></span> <span class='ocrx_word' id='word_1_172' title='bbox 1016 2891 1121 2968; x_wconf 90' lang='lat' dir='ltr'><strong>viola,</strong></span> <span class='ocrx_word' id='word_1_173' title='bbox 1133 2890 1188 2956; x_wconf 89' lang='lat' dir='ltr'><strong>vel</strong></span> <span class='ocrx_word' id='word_1_174' title='bbox 1200 2909 1293 2953; x_wconf 91' lang='lat' dir='ltr'><strong>sma-</strong></span> 
     </span>
     <span class='ocr_line' id='line_1_26' title="bbox 344 2989 1294 3072; baseline 0.002 -20"><span class='ocrx_word' id='word_1_175' title='bbox 344 2991 530 3072; x_wconf 85' lang='lat' dir='ltr'><strong>ragdorum</strong></span> <span class='ocrx_word' id='word_1_176' title='bbox 551 2990 614 3053; x_wconf 84' lang='lat' dir='ltr'><strong>lux</strong></span> <span class='ocrx_word' id='word_1_177' title='bbox 633 2990 794 3069; x_wconf 84' lang='lat' dir='ltr'><strong>herbida3</strong></span> <span class='ocrx_word' id='word_1_178' title='bbox 819 2991 886 3054; x_wconf 91' lang='lat' dir='ltr'><strong>nisi</strong></span> <span class='ocrx_word' id='word_1_179' title='bbox 907 2993 1033 3055; x_wconf 82' lang='lat' dir='ltr'><strong>tunicae</strong></span> <span class='ocrx_word' id='word_1_180' title='bbox 1059 2989 1294 3054; x_wconf 87' lang='lat' dir='ltr'><strong>sacerdotales</strong></span> 
     </span>
     <span class='ocr_line' id='line_1_27' title="bbox 344 3090 1293 3174; baseline 0 -21"><span class='ocrx_word' id='word_1_181' title='bbox 344 3110 428 3154; x_wconf 91' lang='lat' dir='ltr'><strong>auro</strong></span> <span class='ocrx_word' id='word_1_182' title='bbox 443 3090 587 3169; x_wconf 91' lang='lat' dir='ltr'><strong>ludant;</strong></span> <span class='ocrx_word' id='word_1_183' title='bbox 611 3090 678 3154; x_wconf 91' lang='lat' dir='ltr'><strong>nisi</strong></span> <span class='ocrx_word' id='word_1_184' title='bbox 692 3091 965 3154; x_wconf 90' lang='lat' dir='ltr'><strong>multicoloribus</strong></span> <span class='ocrx_word' id='word_1_185' title='bbox 979 3093 1129 3174; x_wconf 87' lang='lat' dir='ltr'><strong>parietes</strong></span> <span class='ocrx_word' id='word_1_186' title='bbox 1149 3090 1293 3173; x_wconf 85' lang='lat' dir='ltr'><strong>picturis</strong></span> 
     </span>
     <span class='ocr_line' id='line_1_28' title="bbox 344 3187 1293 3268; baseline 0.001 -15"><span class='ocrx_word' id='word_1_187' title='bbox 344 3192 535 3268; x_wconf 88' lang='lat' dir='ltr'><strong>renideant,</strong></span> <span class='ocrx_word' id='word_1_188' title='bbox 560 3198 595 3254; x_wconf 92' lang='lat' dir='ltr'><strong>et</strong></span> <span class='ocrx_word' id='word_1_189' title='bbox 619 3191 728 3254; x_wconf 88' lang='lat' dir='ltr'><strong>solem</strong></span> <span class='ocrx_word' id='word_1_190' title='bbox 752 3190 796 3253; x_wconf 91' lang='lat' dir='ltr'><strong>ad</strong></span> <span class='ocrx_word' id='word_1_191' title='bbox 821 3191 965 3254; x_wconf 90' lang='lat' dir='ltr'><strong>lacunar</strong></span> <span class='ocrx_word' id='word_1_192' title='bbox 990 3191 1189 3255; x_wconf 88' lang='lat' dir='ltr'><strong>sollicitent.</strong></span> <span class='ocrx_word' id='word_1_193' title='bbox 1242 3187 1293 3254; x_wconf 86' lang='lat' dir='ltr'><strong>At</strong></span> 
     </span>
     <span class='ocr_line' id='line_1_29' title="bbox 344 3289 1293 3373; baseline -0.001 -18"><span class='ocrx_word' id='word_1_194' title='bbox 344 3312 426 3355; x_wconf 85' lang='lat' dir='ltr'><strong>vero</strong></span> <span class='ocrx_word' id='word_1_195' title='bbox 446 3291 509 3368; x_wconf 91' lang='lat' dir='ltr'><strong>illi,</strong></span> <span class='ocrx_word' id='word_1_196' title='bbox 529 3310 571 3355; x_wconf 87' lang='lat' dir='ltr'><strong>ea</strong></span> <span class='ocrx_word' id='word_1_197' title='bbox 591 3310 668 3373; x_wconf 85' lang='lat' dir='ltr'><strong>quae</strong></span> <span class='ocrx_word' id='word_1_198' title='bbox 689 3291 800 3373; x_wconf 91' lang='lat' dir='ltr'><strong>prima</strong></span> <span class='ocrx_word' id='word_1_199' title='bbox 821 3292 984 3355; x_wconf 88' lang='lat' dir='ltr'><strong>mortales</strong></span> <span class='ocrx_word' id='word_1_200' title='bbox 1006 3291 1094 3355; x_wconf 90' lang='lat' dir='ltr'><strong>salso</strong></span> <span class='ocrx_word' id='word_1_201' title='bbox 1117 3289 1293 3354; x_wconf 82' lang='lat' dir='ltr'><strong>aestimant</strong></span> 
     </span>
     <span class='ocr_line' id='line_1_30' title="bbox 344 3390 1294 3468; baseline 0 -15"><span class='ocrx_word' id='word_1_202' title='bbox 344 3392 380 3453; x_wconf 92' lang='lat' dir='ltr'><strong>in</strong></span> <span class='ocrx_word' id='word_1_203' title='bbox 402 3392 561 3455; x_wconf 89' lang='lat' dir='ltr'><strong>secundis</strong></span> <span class='ocrx_word' id='word_1_204' title='bbox 578 3391 755 3468; x_wconf 68' lang='lat' dir='ltr'><strong>habentes</strong></span> <span class='ocrx_word' id='word_1_205' title='bbox 775 3411 876 3455; x_wconf 91' lang='lat' dir='ltr'><strong>omne</strong></span> <span class='ocrx_word' id='word_1_206' title='bbox 899 3392 1050 3455; x_wconf 91' lang='lat' dir='ltr'><strong>studium</strong></span> <span class='ocrx_word' id='word_1_207' title='bbox 1070 3393 1106 3454; x_wconf 93' lang='lat' dir='ltr'><strong>in</strong></span> <span class='ocrx_word' id='word_1_208' title='bbox 1129 3390 1294 3455; x_wconf 87' lang='lat' dir='ltr'><strong>ornandis</strong></span> 
     </span>
     <span class='ocr_line' id='line_1_31' title="bbox 344 3490 1292 3574; baseline 0.001 -22"><span class='ocrx_word' id='word_1_209' title='bbox 344 3492 495 3555; x_wconf 91' lang='lat' dir='ltr'><strong>moribus</strong></span> <span class='ocrx_word' id='word_1_210' title='bbox 533 3498 680 3574; x_wconf 91' lang='lat' dir='ltr'><strong>ponunt,</strong></span> <span class='ocrx_word' id='word_1_211' title='bbox 717 3492 896 3573; x_wconf 85' lang='lat' dir='ltr'><strong>magisque</strong></span> <span class='ocrx_word' id='word_1_212' title='bbox 936 3499 1053 3556; x_wconf 89' lang='lat' dir='ltr'><strong>amant</strong></span> <span class='ocrx_word' id='word_1_213' title='bbox 1092 3490 1292 3573; x_wconf 89' lang='lat' dir='ltr'><strong>splendidas</strong></span> 
     </span>
     <span class='ocr_line' id='line_1_32' title="bbox 344 3591 1310 3674; baseline 0.001 -21"><span class='ocrx_word' id='word_1_214' title='bbox 344 3598 476 3655; x_wconf 88' lang='lat' dir='ltr'><strong>mentes</strong></span> <span class='ocrx_word' id='word_1_215' title='bbox 491 3611 595 3674; x_wconf 91' lang='lat' dir='ltr'><strong>quam</strong></span> <span class='ocrx_word' id='word_1_216' title='bbox 607 3597 747 3654; x_wconf 89' lang='lat' dir='ltr'><strong>auratas</strong></span> <span class='ocrx_word' id='word_1_217' title='bbox 759 3602 873 3655; x_wconf 89' lang='lat' dir='ltr'><strong>vestes</strong></span> <span class='ocrx_word' id='word_1_218' title='bbox 887 3611 896 3670; x_wconf 91' lang='lat'>;</span> <span class='ocrx_word' id='word_1_219' title='bbox 915 3592 1062 3656; x_wconf 90' lang='lat' dir='ltr'><strong>scientes</strong></span> <span class='ocrx_word' id='word_1_220' title='bbox 1077 3591 1169 3674; x_wconf 92' lang='lat' dir='ltr'><strong>quod</strong></span> <span class='ocrx_word' id='word_1_221' title='bbox 1187 3592 1310 3654; x_wconf 77' lang='lat' dir='ltr'><strong>bene·&#39;</strong></span> 
     </span>
     <span class='ocr_line' id='line_1_33' title="bbox 344 3690 1293 3772; baseline 0.001 -19"><span class='ocrx_word' id='word_1_222' title='bbox 344 3690 514 3755; x_wconf 83' lang='lat' dir='ltr'><strong>sactorum</strong></span> <span class='ocrx_word' id='word_1_223' title='bbox 537 3692 718 3754; x_wconf 89' lang='lat' dir='ltr'><strong>retributio</strong></span> <span class='ocrx_word' id='word_1_224' title='bbox 738 3692 871 3772; x_wconf 91' lang='lat' dir='ltr'><strong>optima</strong></span> <span class='ocrx_word' id='word_1_225' title='bbox 898 3700 963 3767; x_wconf 85' lang='lat' dir='ltr'><strong>est,</strong></span> <span class='ocrx_word' id='word_1_226' title='bbox 976 3692 1107 3756; x_wconf 91' lang='lat' dir='ltr'><strong>munda</strong></span> <span class='ocrx_word' id='word_1_227' title='bbox 1119 3691 1187 3754; x_wconf 86' lang='lat' dir='ltr'><strong>frui</strong></span> <span class='ocrx_word' id='word_1_228' title='bbox 1209 3711 1293 3755; x_wconf 92' lang='lat' dir='ltr'><strong>con·</strong></span> 
     </span>
     <span class='ocr_line' id='line_1_34' title="bbox 345 3790 1293 3869; baseline 0 -16"><span class='ocrx_word' id='word_1_229' title='bbox 345 3792 500 3855; x_wconf 90' lang='lat' dir='ltr'><strong>scientia.</strong></span> <span class='ocrx_word' id='word_1_230' title='bbox 567 3790 664 3869; x_wconf 86' lang='lat' dir='ltr'><strong>Quin</strong></span> <span class='ocrx_word' id='word_1_231' title='bbox 700 3791 804 3854; x_wconf 88' lang='lat' dir='ltr'><strong>etiam</strong></span> <span class='ocrx_word' id='word_1_232' title='bbox 843 3791 1027 3855; x_wconf 88' lang='lat' dir='ltr'><strong>laudabilis</strong></span> <span class='ocrx_word' id='word_1_233' title='bbox 1056 3792 1192 3855; x_wconf 90' lang='lat' dir='ltr'><strong>abbatis</strong></span> <span class='ocrx_word' id='word_1_234' title='bbox 1222 3791 1293 3854; x_wconf 90' lang='lat' dir='ltr'><strong>cle-</strong></span> 
     </span>
     <span class='ocr_line' id='line_1_35' title="bbox 346 3891 1293 3973; baseline 0.001 -20"><span class='ocrx_word' id='word_1_235' title='bbox 346 3892 474 3955; x_wconf 91' lang='lat' dir='ltr'><strong>mentia</strong></span> <span class='ocrx_word' id='word_1_236' title='bbox 494 3910 569 3955; x_wconf 94' lang='lat' dir='ltr'><strong>cum</strong></span> <span class='ocrx_word' id='word_1_237' title='bbox 585 3891 640 3954; x_wconf 88' lang='lat' dir='ltr'><strong>vel</strong></span> <span class='ocrx_word' id='word_1_238' title='bbox 656 3891 743 3967; x_wconf 89' lang='lat' dir='ltr'><strong>vult,</strong></span> <span class='ocrx_word' id='word_1_239' title='bbox 758 3891 813 3955; x_wconf 84' lang='lat' dir='ltr'><strong>vel</strong></span> <span class='ocrx_word' id='word_1_240' title='bbox 831 3892 919 3955; x_wconf 90' lang='lat' dir='ltr'><strong>velle</strong></span> <span class='ocrx_word' id='word_1_241' title='bbox 937 3912 974 3955; x_wconf 90' lang='lat' dir='ltr'><strong>se</strong></span> <span class='ocrx_word' id='word_1_242' title='bbox 991 3892 1144 3969; x_wconf 91' lang='lat' dir='ltr'><strong>simulat,</strong></span> <span class='ocrx_word' id='word_1_243' title='bbox 1161 3891 1293 3973; x_wconf 90' lang='lat' dir='ltr'><strong>aliquid</strong></span> 
     </span>
     <span class='ocr_line' id='line_1_36' title="bbox 345 3990 1292 4074; baseline 0 -20"><span class='ocrx_word' id='word_1_244' title='bbox 345 3992 387 4054; x_wconf 91' lang='lat' dir='ltr'><strong>de</strong></span> <span class='ocrx_word' id='word_1_245' title='bbox 410 3991 498 4074; x_wconf 84' lang='lat' dir='ltr'><strong>jugo</strong></span> <span class='ocrx_word' id='word_1_246' title='bbox 526 3992 655 4071; x_wconf 82' lang='lat' dir='ltr'><strong>regulae</strong></span> <span class='ocrx_word' id='word_1_247' title='bbox 677 3990 864 4068; x_wconf 88' lang='lat' dir='ltr'><strong>inflectere,</strong></span> <span class='ocrx_word' id='word_1_248' title='bbox 889 3992 940 4055; x_wconf 90' lang='lat' dir='ltr'><strong>illi</strong></span> <span class='ocrx_word' id='word_1_249' title='bbox 964 3999 1086 4056; x_wconf 88' lang='lat' dir='ltr'><strong>contra</strong></span> <span class='ocrx_word' id='word_1_250' title='bbox 1110 3993 1292 4055; x_wconf 88' lang='lat' dir='ltr'><strong>nituntur:</strong></span> 
     </span>
    </p>
   </div>
   <div class='ocr_carea' id='block_1_3' title="bbox 480 4240 1155 4306">
    <p class='ocr_par' dir='ltr' id='par_1_3' title="bbox 480 4240 1155 4306">
     <span class='ocr_line' id='line_1_37' title="bbox 480 4240 1155 4306; baseline 0.004 -17"><span class='ocrx_word' id='word_1_251' title='bbox 480 4240 486 4270; x_wconf 92' lang='lat'><strong>¹</strong></span> <span class='ocrx_word' id='word_1_252' title='bbox 498 4240 540 4290; x_wconf 78' lang='lat' dir='ltr'><strong>Ad</strong></span> <span class='ocrx_word' id='word_1_253' title='bbox 551 4242 650 4306; x_wconf 66' lang='lat' dir='ltr'><strong>Deum]</strong></span> <span class='ocrx_word' id='word_1_254' title='bbox 663 4242 696 4291; x_wconf 77' lang='lat' dir='ltr'><strong>A.</strong></span> <span class='ocrx_word' id='word_1_255' title='bbox 710 4243 737 4293; x_wconf 85' lang='lat' dir='ltr'><strong>S.</strong></span> <span class='ocrx_word' id='word_1_256' title='bbox 751 4244 775 4291; x_wconf 89' lang='lat' dir='ltr'><em>E</em></span> <span class='ocrx_word' id='word_1_257' title='bbox 783 4247 807 4292; x_wconf 79' lang='lat'><strong>2.</strong></span> <span class='ocrx_word' id='word_1_258' title='bbox 820 4245 865 4304; x_wconf 84' lang='lat' dir='ltr'><strong>L.;</strong></span> <span class='ocrx_word' id='word_1_259' title='bbox 884 4243 916 4293; x_wconf 88' lang='lat' dir='ltr'><strong>ad</strong></span> <span class='ocrx_word' id='word_1_260' title='bbox 928 4259 995 4306; x_wconf 90' lang='lat' dir='ltr'><strong>eum,</strong></span> <span class='ocrx_word' id='word_1_261' title='bbox 1009 4245 1038 4294; x_wconf 89' lang='lat' dir='ltr'><strong>C.</strong></span> <span class='ocrx_word' id='word_1_262' title='bbox 1051 4245 1085 4294; x_wconf 93' lang='lat' dir='ltr'><strong>D.</strong></span> <span class='ocrx_word' id='word_1_263' title='bbox 1099 4243 1122 4290; x_wconf 84' lang='grc' dir='ltr'><em>Ε</em></span> <span class='ocrx_word' id='word_1_264' title='bbox 1132 4246 1155 4292; x_wconf 92' lang='lat' dir='ltr'><strong>l.</strong></span> 
     </span>
    </p>
   </div>
   <div class='ocr_carea' id='block_1_4' title="bbox 0 0 1438 4868">
    <p class='ocr_par' dir='ltr' id='par_1_4' title="bbox 0 0 1438 4868">
     <span class='ocr_line' id='line_1_38' title="bbox 0 0 1438 4868; baseline 0 0"><span class='ocrx_word' id='word_1_265' title='bbox 0 0 1438 4868; x_wconf 95' lang='lat' dir='ltr'><strong> </strong></span> 
     </span>
    </p>
   </div>
  </div>
 </body>
</html>
