2866 4868
186 432 253 480 mn.
269 416 340 498 rra]
409 430 523 480 ousrn
547 431 674 479 ancum
697 431 912 480 aucmnuu.
1070 419 1135 482 451

186 591 326 656 clesiam
341 590 513 669 monachi,
529 596 651 654 sancto
674 589 776 654 altari
792 590 948 654 miserias
965 609 1048 655 suas
1066 585 1136 657 ¹in-

185 679 392 773 gemebant3
415 690 476 754 sed
499 690 768 773 irrumpentibus
793 690 972 767 militibus,
996 690 1065 756 duo
1089 713 1136 756 ex

187 790 237 855 eis
258 791 444 867 interfecti,
463 790 724 873 quatuordecim
741 791 927 869 vulnerati,
943 791 1061 855 caeteri
1083 813 1136 857 re-

185 891 288 974 pulsi,
311 911 392 955 nam
408 890 444 955 et
457 890 553 956 furor
569 890 718 955 militum
734 892 840 955 etiam
858 891 1062 956 crucifixum
1077 912 1134 957 sa·

186 991 284 1073 gittis
312 991 489 1055 inhorrere
519 990 667 1054 fecerat„
712 990 831 1076 Hujus
856 1011 958 1056 noxae
992 993 1135 1056 crimine

185 1091 374 1156 infamatus
390 1092 510 1167 abbaS,
525 1097 599 1154 tota
608 1091 684 1155 vita
699 1092 791 1173 regis
808 1090 914 1156 exilio
931 1091 1135 1174 deportatus

186 1198 262 1272 est3
296 1211 406 1274 eoque
431 1189 605 1267 defuncto,
638 1210 702 1274 pro
735 1191 970 1275 redemptione
1002 1193 1136 1275 peccati

186 1291 413 1355 auxiliaribus
437 1297 665 1354 annumerata
693 1292 851 1375 pecunia,
882 1291 1004 1356 honori
1034 1294 1136 1358 resti-

157 1396 283 1456 'tutus
300 1398 364 1456 est.

238 1493 256 1577 ξ
271 1491 348 1557 271.
372 1490 583 1555 Miserabilis
599 1496 635 1554 et
651 1488 796 1555 infanda
817 1490 929 1555 caedes
944 1483 1135 1555 ²Walkerii
1148 1518 1268 1561 nurnero

187 1590 430 1656 Dunelmensis
455 1591 621 1674 episcopi,
639 1609 741 1673 quem
759 1589 1046 1655 Nortbanbimbri
1071 1612 1134 1674 po·
1147 1569 1269 1670 ffirpfu

186 1692 301 1775 pulus‚
321 1710 456 1774 semper
481 1690 660 1755 rebellioni
683 1690 833 1768 deditus,
858 1690 993 1775 abjecto
1017 1671 1271 1762 sacro-{gilonis

187 1811 265 1855 rum
278 1791 437 1857 ordinum
449 1798 620 1875 respectu,
631 1790 751 1854 multis
766 1791 960 1873 impetitum
974 1792 1135 1856 convitiis

188 1891 417 1957 trucidarunt.
478 1891 592 1955 Fusus
622 1891 671 1953 ibi
701 1910 772 1955 non
804 1910 936 1973 paucus
972 1911 1136 1956 numerus

188 1990 493 2073 Lotharingorum,
512 1991 604 2073 quod
632 1991 762 2073 praesul
788 1990 864 2073 ipse
887 1991 1038 2056 nationis
1061 1992 1136 2076 ejus

178 2098 274 2156 erat.
327 2091 445 2156 Causa
472 2091 577 2154 caedis
604 2090 679 2154 haec
712 2090 797 2156 fuit:
834 2100 909 2156 erat
942 2092 1136 2175 episcopus,

187 2199 315 2273 praeter
337 2190 590 2275 pontificatum,
621 2183 758 2255 ⁸custos
790 2193 898 2255 totius
928 2192 1135 2271 comitatus3

188 2291 459 2375 praefeceratque
475 2291 578 2354 rebus
592 2289 786 2354 forensibus
802 2290 1036 2355 Gislebertum
1054 2311 1137 2374 cog·

188 2400 322 2468 natum,
355 2391 574 2455 interioribus
599 2388 790 2455 Leobinum
818 2390 992 2469 clericum,
1017 2393 1137 2456 ambos

188 2493 225 2556 in
237 2493 340 2556 rebus
355 2491 547 2556 commissis
563 2497 723 2556 strenuos
738 2492 799 2555 sed
814 2491 981 2556 effraenes.
1033 2491 1137 2557 Tole-

188 2593 290 2657 rabat
305 2591 488 2675 episcopus
502 2611 621 2655 eorum
636 2591 899 2670 immodestiam,
916 2592 1031 2675 gratia
1049 2601 1137 2658 stre·
1176 2644 1180 2654 .

188 2692 333 2757 unitatis
356 2691 540 2770 inductus3
563 2697 611 2767 ct,
637 2691 721 2772 quia
749 2710 809 2755 eos
830 2691 996 2770 elevarat,
1018 2712 1137 2756 cumu-

188 2792 261 2855 lum
277 2792 501 2874 benignitatis
519 2791 682 2872 augebat.
728 2788 894 2872 Indulget
909 2793 998 2855 enim
1013 2798 1138 2856 natura

189 2892 267 2970 sibi,
295 2891 500 2975 placidoque
524 2891 645 2956 favore
668 2891 741 2955 suis
767 2889 896 2955 arridet
919 2891 997 2973 ipsa
1018 2910 1138 2954 mune-

189 2993 297 3057 ribus.
348 2991 386 3057 Is
420 2993 594 3058 Leobinus
621 2991 785 3069 Liulfum,
811 2990 1001 3054 beatissimi
1029 2987 1139 3053 Cuth-

189 3093 279 3157 berti
305 3093 512 3172 ministrum,
535 3092 621 3157 adeo
644 3092 808 3157 dilectum
834 3097 874 3154 ut
894 3092 969 3173 ipse
995 3097 1137 3154 sanctus

189 3213 306 3259 coram
338 3178 500 3276 vifirilanti
533 3192 699 3255 assistens
731 3190 862 3273 placita
890 3192 1140 3274 imperaret,—

190 3294 294 3371 hunc,
316 3294 469 3374 inquam,
485 3290 638 3355 Liulfum
660 3309 722 3372 per
744 3289 977 3355 Gislebertum
994 3291 1138 3354 obtrun-

190 3394 262 3458 cari
289 3393 383 3470 fecit,
412 3391 521 3456 livore
545 3391 636 3453 ictus
659 3390 752 3470 quod
777 3391 953 3472 amplioris
976 3390 1139 3454 amicitiae

190 3494 305 3557 locum
320 3490 413 3574 apud
434 3488 645 3574 pontificem,
662 3509 725 3573 pro
750 3490 961 3554 conscientia
977 3496 1013 3553 et
1031 3490 1139 3571 aequi-

191 3600 264 3658 tate
299 3591 525 3676 judiciornm,
565 3590 718 3654 haberet.
785 3588 972 3652 Perculsus
1012 3590 1140 3654 nuncio

227 3883 429 3958 Hegemone]
450 3890 479 3940 C.
491 3889 526 3940 D.
538 3889 589 3951 E.;
606 3902 652 3952 ap·
677 3888 781 3952 bishops
800 3889 829 3939 oi
846 3890 963 3940 Durbam
978 3906 1047 3941 were
1068 3892 1140 3954 pala·

190 3958 376 4028 plorabantd.
388 3961 417 4010 S.
429 3959 461 4008 L.
677 3960 755 4009 tinate
781 3959 859 4021 lords,
886 3962 937 4010 and
963 3961 1016 4011 had
1038 3963 1069 4010 in
1096 3963 1139 4011 the

226 4031 236 4062 ²
262 4031 386 4084 Wcllrerii
406 4029 577 4079 Dunelooensts
602 4029 653 4093 epi-
678 4034 770 4090 county
780 4029 809 4078 of
821 4030 937 4080 Durham
952 4031 1080 4094 ‘regalem
1096 4048 1142 4095 po-

190 4103 283 4168 crept]
313 4101 409 4162 Bisbop
431 4099 577 4149 walkerius
598 4114 654 4149 was
678 4105 792 4150 testatem
810 4101 836 4148 in
852 4102 1017 4151 omnibus'us
1034 4102 1140 4164 fullyas

193 4170 654 4232 murderedonthelstofMayldssb.
679 4170 722 4218 the
748 4169 811 4232 king
838 4169 890 4220 had
920 4172 947 4219 in
973 4172 1014 4220 his
1042 4174 1140 4234 palace.

228 4242 239 4277 ³
252 4245 340 4295 Custos
351 4241 587 4305 tetimonium]
601 4240 655 4290 The
680 4240 780 4304 (Bract.
790 4241 836 4292 lib.
848 4254 890 4294 nr.
902 4256 925 4293 c.
937 4246 962 4304 8,
973 4242 987 4305 §
998 4245 1035 4304 4.)
