2866 4868
333 412 398 476 630
549 428 663 476 onera
687 427 814 475 noenu
839 426 1054 476 ANohollUM.
1150 410 1289 493 [mar.

335 605 398 668 pro
430 585 497 650 fide
524 593 558 649 et
587 584 755 649 affinitate
785 603 905 649 socero
936 599 1180 648 annumerans.
1232 583 1288 648 Ea

337 685 585 761 munificentia,
607 686 645 748 in
669 684 741 748 filio
771 683 973 748 Baldewino
997 703 1067 747 uon
1090 683 1287 761 imminuta,

338 785 439 850 haesit
454 786 490 848 in
506 785 650 849 Roborti
668 784 823 848 Frisonis
836 783 980 859 malitia,
997 802 1101 866 quam
1113 776 1289 865 ¹superior

338 904 408 947 non
423 884 591 966 praeteriit
612 903 733 947 sermo.
787 883 898 946 Porro
915 883 981 947 iste
1000 882 1188 959 Robertus,
1208 883 1289 945 Fri·

337 984 431 1046 sonis
447 983 550 1061 filius,
566 984 731 1047 omissum
753 1001 878 1046 munus
899 1001 921 1045 a
935 981 1111 1046 Willelmo
1134 982 1288 1046 seeundo

338 1101 408 1146 non
430 1081 613 1147 difficulter
634 1084 903 1165 impetraverat;
926 1081 1019 1163 quod
1045 1087 1081 1144 et
1105 1082 1136 1144 is
1159 1099 1290 1163 cogna-

337 1183 466 1246 tionem
492 1183 726 1265 praetenderit,
749 1181 864 1246 atille
885 1181 1053 1246 invictum
1075 1181 1227 1245 animum
1250 1181 1288 1244 in

337 1283 535 1363 spargenda
566 1283 713 1363 pecunia
742 1282 895 1346 haberet.
947 1279 1080 1346 Verum
1111 1279 1288 1343 Henrious

337 1381 462 1464 majori
491 1381 642 1463 pondere
664 1402 736 1445 rem
761 1381 946 1458 ventilans,
976 1385 1016 1442 ut
1043 1397 1107 1442 nec
1133 1378 1287 1443 indebite

338 1473 525 1543 ²adunaret
546 1476 723 1562 pecuniae,
752 1500 815 1544 nec
848 1480 915 1543 nisi
940 1478 1054 1543 debite
1077 1478 1287 1560 dilapidaret

338 1578 487 1656 habitae,
512 1578 667 1643 Roherto
684 1581 728 1642 ab
745 1578 960 1662 ierosolyma
981 1586 1132 1655 reverso,
1147 1587 1183 1642 et
1198 1598 1287 1661 qua·

338 1678 368 1740 si
383 1697 446 1759 pro
459 1679 603 1761 imperio
619 1685 792 1743 trecentas
809 1680 944 1760 argenti
967 1697 1101 1742 marcas
1117 1678 1286 1760 exigenti,

338 1776 374 1838 in
394 1777 483 1841 hanc
498 1778 675 1860 respondit
697 1778 923 1842 sententiam:
949 1777 1032 1842 Nou
1048 1777 1170 1841 solitos
1183 1797 1287 1860 reges

338 1871 477 1958 Angliae
495 1876 683 1940 Flandritis
698 1877 849 1958 vectigal
872 1877 1033 1960 pendere,
1056 1895 1120 1940 nec
1144 1896 1182 1940 se
1196 1878 1288 1941 velle'

336 1973 532 2038 libertatem
556 1976 725 2058 majorum
741 1975 879 2039 macula
900 1995 973 2039 suae
995 1975 1192 2039 timiditatis
1212 1975 1287 2040 fus·

338 2092 438 2136 care:
461 2082 685 2157 quapropter,
707 2075 739 2137 si
762 2093 826 2138 suo
849 2074 1044 2140 committat
1065 2075 1220 2151 arbitrio,
1243 2076 1288 2138 li-

336 2172 458 2237 benter
474 2192 511 2236 se
524 2173 617 2256 quod
632 2170 874 2255 opportunitas
889 2174 1009 2239 siverit
1023 2181 1062 2238 ut
1077 2182 1228 2256 cognato
1251 2183 1287 2240 et

337 2271 448 2334 amico
471 2271 572 2352 dare3
596 2273 722 2336 sivero
746 2271 783 2335 iu
807 2273 989 2337 exactione
1015 2274 1286 2356 permanendum

339 2371 526 2452 putaverit,
539 2371 678 2435 omnino
700 2390 839 2453 negare.
891 2370 972 2434 Hac
990 2372 1049 2436 ille
1068 2374 1202 2437 ratione
1225 2375 1286 2439 de·

334 2469 462 2552 jactus
481 2470 631 2533 animum
645 2471 754 2534 multo
769 2478 923 2552 tempore
944 2471 981 2534 in
997 2491 1114 2553 regem
1136 2474 1287 2538 tumuit:

339 2568 412 2644 sed,
428 2589 550 2650 parum
572 2576 634 2633 aut
656 2570 740 2633 nihil
762 2570 996 2634 simultatibus
1018 2571 1172 2655 adjutus,
1186 2591 1287 2636 man-

339 2668 512 2731 suetudini
528 2676 678 2733 mentem
694 2668 978 2747 accommodavit,
989 2677 1154 2752 expertus
1167 2680 1287 2752 regem

338 2784 440 2846 posse
455 2767 548 2830 flecti
570 2768 739 2848 precario,
752 2787 821 2832 uon
844 2767 938 2833 fastu
954 2769 1149 2852 tyrannico.
1199 2768 1224 2832 J
1227 2789 1284 2834 am

338 2882 421 2928 vero
439 2865 640 2931 Baldewiuo
655 2867 726 2929 filio
741 2866 817 2950 ejus
826 2866 978 2931 varietas
991 2876 1185 2950 temporum
1200 2888 1285 2933 cau-

338 2980 395 3027 sas
409 2963 538 3032 irarum
549 2965 586 3027 in
602 2985 719 3047 regem
736 2965 849 3030 dedit:
874 2965 1042 3049 siquidem
1054 2961 1286 3033 ³Willelmum

337 3061 444 3126 filium
471 3063 616 3127 Roberti
643 3063 837 3129 Normanni
860 3066 980 3128 volens
1013 3065 1207 3132 haereditati
1230 3069 1285 3131 iu-

338 3163 486 3239 trudere,
502 3162 624 3226 alienis
641 3183 679 3227 se
695 3170 820 3246 sponte
835 3165 984 3244 negotiis
996 3164 1194 3244 immiscuit,
1208 3187 1285 3232 cre·

336 3261 466 3343 broque
493 3261 637 3325 castella
664 3262 757 3344 regis
785 3263 821 3326 iu
854 3261 1070 3328 Normannia
1095 3263 1286 3346 inopinatis

334 3358 508 3441 fatigabat
537 3361 747 3441 assultibus3
777 3379 941 3443 magnum
963 3362 1228 3442 incommodum,
1253 3367 1286 3430 si

338 3458 429 3522 Fata
443 3459 618 3537 sivissent,
634 3467 735 3525 terrae
750 3459 921 3524 minatus:
946 3461 1007 3525 sed
1025 3462 1117 3543 apud
1131 3455 1285 3528 ⁴Ar0has

369 3710 377 3741 ¹
390 3712 529 3778 Superior]
545 3714 593 3764 See
604 3714 618 3778 §
629 3718 688 3777 25⁷,
698 3729 725 3778 p.
737 3721 795 3769 482.
820 3716 850 3766 oi
868 3715 990 3767 Plaudere
1008 3731 1077 3779 upon
1098 3718 1142 3768 the
1163 3719 1241 3772 death
1257 3723 1288 3772 oi

367 3779 538 3848 'Adanoret.]
562 3783 596 3834 A.
610 3786 640 3834 C.
652 3785 688 3835 D.
703 3787 734 3836 Ε.
745 3787 794 3848 L.;
819 3786 927 3837 Oharles
936 3787 961 3836 le
972 3787 1037 3848 Bon,
1047 3787 1117 3837 Α.Ι).
1130 3793 1203 3841 1127.

332 3853 511 3915 adamaret&
853 3853 865 3887 ⁴
885 3851 1013 3924 Arcana]
1042 3856 1188 3908 Historiam
1208 3861 1285 3911 differ

366 3921 377 3952 ³
404 3923 552 3972 Willelmum
574 3921 660 3986 filium
693 3922 796 3971 Roberti
819 3924 879 3972 both
890 3939 920 3973 ae
930 3931 956 3974 to
967 3924 1009 3974 the
1023 3925 1097 3986 place
1107 3926 1192 3978 where
1204 3931 1285 3981 Bald-

334 3987 493 4060 Numana]
518 3991 642 4054 william,
660 3992 795 4041 sumamed
820 3993 872 4041 win
882 4007 937 4042 was
947 3995 1084 4057 wounded,
1095 3996 1146 4045 and
1153 3998 1239 4050 where
1250 4000 1283 4050 he

333 4059 427 4123 Cliton,
449 4075 495 4109 son
515 4061 545 4109 of
563 4061 658 4110 Robert
677 4061 746 4109 duke
769 4061 799 4110 ol
819 4061 887 4123 died,
898 4063 1022 4112 anderen
1038 4079 1067 4113 as
1083 4068 1110 4116 to
1126 4065 1169 4115 the
1179 4069 1240 4118 time
1257 4072 1289 4122 ol

332 4129 481 4192 Normandy
499 4130 550 4178 aud
571 4130 662 4179 Sibilla
679 4130 711 4179 de
728 4129 795 4180 Con·
818 4129 858 4179 his
876 4131 966 4191 death;
983 4134 1028 4181 but
1047 4135 1068 4182 it
1079 4148 1160 4186 seems
1176 4137 1233 4200 that
1249 4139 1282 4189 he

331 4199 794 4263 verrano,suooeededtotheearldom
817 4201 911 4262 passed
921 4201 964 4250 the
978 4202 1028 4252 last
1037 4206 1080 4252 ten
1091 4205 1190 4256 mouths
1199 4207 1230 4257 of
1239 4208 1284 4259 hi'u
