2866 4868
336 410 404 475 754
622 425 796 474 ursrorun
819 424 998 473 Novanus.
1131 410 1220 493 [mn.
1235 424 1290 473 111.

336 584 471 650 tristem
485 585 597 662 vultu,
608 583 754 664 viderit3
768 583 820 648 ita
835 582 1080 648 conscientiam
1091 583 1175 648 altae
1191 581 1289 647 nobi·

336 685 446 749 litatis
462 685 629 766 spirabat,
645 704 688 748 ne
705 702 743 748 se
760 684 908 748 fortunae
924 683 1072 748 ludibrio
1089 683 1287 768 subjiceret.

339 784 509 864 Quamvis
533 785 624 849 euim
651 785 762 866 primo
787 784 965 847 blanditiis
991 784 1174 861 invitatus,
1207 789 1288 867 post

217 910 221 917 ·
339 885 443 948 etiam
474 884 575 948 minis
611 884 849 960 lacesseretur,
883 903 1059 966 nunquam
1085 891 1204 948 tamen
1237 883 1289 948 in·

182 1801 289 1850 Theking

183 1854 224 1893 and
237 1853 274 1892 the
283 1850 327 1892 earl

181 1903 286 1954 mutually
293 1915 326 1945 re·

180 1954 261 1995 lamed.

340 984 452 1048 flexus
475 990 528 1048 est
547 991 587 1048 ut
608 984 650 1048 de
669 984 873 1049 liberatione
892 1002 956 1047 sua
980 990 1107 1066 praeter
1123 977 1288 1048 ¹consen-

339 1104 416 1148 sum
437 1084 565 1148 sororis
588 1089 808 1149 tractaretur.
859 1081 917 1147 Ad
936 1085 1095 1149 ultimum
1118 1082 1288 1158 eomodo

340 1203 395 1249 res
420 1185 601 1262 ventilata,
629 1190 669 1248 ut
693 1183 802 1267 eequis
828 1184 1083 1248 conditionibus
1107 1191 1143 1247 et
1167 1203 1232 1248 rex
1253 1189 1288 1248 et

339 1285 416 1367 ipse
440 1284 719 1364 absolverentur3
753 1283 850 1347 nullo
873 1290 976 1367 pacto
1006 1283 1075 1348 alio
1099 1284 1290 1349 interveni·

341 1390 432 1461 ente,
446 1384 514 1447 uisi
530 1391 570 1448 ut
584 1385 730 1467 quisque
745 1390 861 1466 partes
886 1402 968 1447 suas
983 1403 1045 1466 pro
1065 1403 1180 1466 posse,
1198 1385 1289 1449 sicut

341 1477 396 1549 ²et
410 1485 519 1567 prius,
535 1490 720 1549 tutaretur.
754 1482 844 1547 Haec
858 1483 902 1546 ab
918 1484 1142 1548 Exaltatione
1156 1491 1289 1548 sancte

344 1582 465 1649 Crucis
481 1583 649 1669 usquead
665 1582 791 1648 festum
810 1582 974 1647 Omnium
989 1583 1195 1649 Sanctorum
1213 1585 1290 1668 plu-

343 1686 430 1749 rimo
444 1685 626 1750 verborum
642 1684 779 1765 agmine
789 1703 883 1767 saepe
893 1690 1045 1762 versata,
1059 1691 1143 1749 tunc
1154 1683 1292 1749 demum

345 1784 460 1849 debito
483 1784 552 1849 fine
576 1784 760 1865 conclusa;
783 1803 825 1848 ea
846 1785 938 1848 enim
961 1783 1017 1848 die
1038 1804 1101 1848 rex
1116 1784 1290 1849 eluctatus

345 1886 551 1968 captionem.
577 1884 622 1948 In
633 1884 752 1948 eadem
766 1885 858 1966 apud
874 1885 1017 1949 Bristou
1027 1885 1183 1967 reginam
1193 1903 1292 1949 suam

344 1985 504 2051 etlilium
521 2003 600 2048 cum
617 1984 751 2048 duobus
774 1985 995 2065 magnatibus
1017 1985 1171 2068 reliquit,
1187 1985 1292 2050 vades

344 2084 514 2150 liberandi
536 2084 671 2148 comitis
693 2085 856 2149 contiuuo
882 2104 960 2148 cum
980 2083 1146 2149 festinato
1169 2085 1294 2148 itinere

345 2206 408 2251 rex
421 2185 639 2251 Wiutoniam
665 2184 837 2264 venisset3
859 2185 909 2248 ibi
930 2184 1021 2248 enim
1048 2186 1295 2250 asservabatur

346 2305 472 2363 comes,
489 2284 652 2349 reductus
675 2302 698 2347 a
715 2283 941 2362 Rovecestra‚
959 2304 1028 2368 quo
1045 2285 1143 2368 prius
1164 2284 1294 2349 abduc·

346 2393 404 2450 tus
429 2385 555 2449 fuerat.
607 2384 728 2448 Tertio
749 2384 816 2462 die,
833 2404 917 2448 mox
937 2390 977 2447 ut
998 2404 1062 2449 rex
1076 2384 1295 2450 Wintoniam

345 2485 453 2563 venit,
468 2503 583 2549 comes
601 2484 789 2563 abscessit3
812 2483 954 2549 dimisso
967 2484 1028 2561 ibi,
1043 2503 1225 2569 quousque
1241 2504 1297 2549 re·

346 2587 429 2669 gina
459 2585 706 2660 absolveretur,
729 2584 767 2647 in
782 2577 920 2648 ³eodem
946 2585 1107 2648 obsidatu
1131 2583 1205 2649 filio
1231 2604 1296 2649 suo

346 2685 535 2751 Willelmo.
570 2682 738 2749 Celeriter
750 2684 856 2766 igitur
869 2703 1052 2766 permensa
1067 2684 1138 2762 via,
1153 2684 1297 2749 Bristou

347 2787 487 2851 veniens
500 2785 656 2867 reginam
672 2783 840 2864 absolvit3
860 2783 960 2868 cujus
976 2785 1089 2849 reditu
1098 2784 1297 2850 Willelmus

347 2885 440 2950 filius
455 2886 591 2951 comitis
604 2886 649 2949 ab
665 2883 826 2948 obsidatu
838 2884 1016 2949 liberatur.
1068 2883 1162 2949 Satis
1179 2892 1297 2950 autem

348 2993 499 3064 constat,
517 2991 591 3049 toto
618 2991 773 3066 tempore
794 2985 976 3066 captionis,
1004 2985 1298 3068 sequentibusque

348 3087 523 3150 mensibus
538 3103 648 3168 usque
665 3084 709 3148 ad
727 3083 868 3161 Natale,
883 3084 1001 3148 multis
1016 3092 1051 3148 et
1067 3085 1205 3166 magnis
1221 3086 1299 3168 pol-

348 3185 598 3250 licitationibus
612 3184 838 3248 sollicitatum
852 3192 891 3248 ut
906 3204 929 3249 a
943 3204 1062 3249 sorore
1079 3185 1297 3264 descisceret,

349 3285 457 3366 pluris
472 3304 609 3366 semper
621 3285 785 3366 pietatem
802 3284 1042 3367 germanitatis
1057 3278 1180 3369 *quam
1196 3304 1301 3368 quas·

350 3384 435 3448 libet
457 3385 702 3468 promissiones
719 3383 860 3450 fecisse:
884 3404 965 3448 nam
987 3392 1024 3449 et
1043 3384 1173 3449 relictis
1195 3388 1299 3450 rebus

351 3485 573 3569 castellisque
601 3485 687 3562 suis,
711 3485 835 3568 quibus
869 3485 1047 3550 commode
1075 3483 1145 3548 frui
1166 3493 1298 3568 posset,

350 3585 443 3648 circa
457 3603 657 3666 germanam
673 3584 793 3648 sedulo
810 3586 902 3668 apud
919 3584 1119 3651 Oxeneford
1130 3587 1300 3651 mansita-

349 3685 432 3766 bat;
455 3705 525 3768 quo
547 3685 637 3762 loco,
654 3690 695 3747 ut
714 3684 881 3767 praefatus
904 3704 992 3763 sum,
1009 3685 1070 3749 illa
1093 3684 1210 3751 sedem
1232 3686 1299 3751 sibi

350 3785 576 3864 constituens,
591 3785 722 3849 curiam
736 3785 874 3849 fecerat.

386 4015 395 4048 ¹
416 4017 583 4080 Censorinum]
609 4019 659 4078 E.;
687 4017 816 4066 eonscien·
873 4014 884 4047 ³
906 4011 1028 4084 Eodem]
1058 4016 1091 4067 E.
1111 4016 1187 4079 1⁴23
1213 4019 1303 4071 omem

351 4089 422 4150 tiam,
433 4090 462 4139 S.
474 4090 509 4138 D.
521 4090 577 4139 L2.
711 4096 719 4110 ⁸
839 4086 890 4150 die,
902 4088 931 4137 S.
943 4087 979 4137 D.

387 4155 398 4185 ⁸
409 4160 444 4207 Et
452 4159 545 4222 priua]
556 4161 587 4208 Ε.
597 4173 605 4220 ;
614 4158 696 4220 prius,
705 4156 734 4206 S.
742 4157 766 4207 L
774 4161 798 4207 2.
804 4171 813 4219 ;
875 4158 884 4187 ⁴
899 4159 979 4214 Quum
988 4157 1128 4221 quaslibet]
1139 4155 1170 4209 S.
1183 4159 1217 4210 Ε.
1229 4161 1304 4224 ΕΜ

354 4230 479 4292 superins,
492 4231 526 4279 D.
840 4243 904 4289 quas
921 4228 1043 4290 qualibet,
1054 4226 1088 4278 D.
