2866 4868
142 432 212 480 111.
229 415 294 496 1v.]
373 431 487 480 casm
510 431 637 482 aucun
660 433 874 482 Anonoauu.
1027 418 1091 482 551

142 589 237 664 bant,
254 586 403 651 ludibrio
425 594 621 651 nostrorum
644 587 934 667 excarnificanda,
948 591 1004 654 vel
1027 592 1087 655 ab·
1102 611 1254 661 11111111.

142 686 224 750 latis
240 686 395 751 vestibus
407 679 639 754 ¹denudanda.
673 688 871 756 Doluerunt
884 689 917 752 id
938 690 1085 756 Franci:

143 805 206 850 nec
234 787 331 867 prius
362 787 571 851 abstiterunt
603 787 695 851 ferro
728 807 888 852 exercere
922 789 1086 868 dolorem,

143 904 249 967 quam
271 885 390 963 Turci,
420 887 585 950 extremis
612 886 713 950 malis
741 887 836 965 fessi,
864 887 919 952 die
945 890 1087 953 solstitii

144 985 311 1048 aestivalis
332 1003 394 1066 per
410 985 642 1049 clandestinos
665 986 809 1050 nuncios
830 988 1031 1069 imperatori
1047 1008 1085 1052 se

142 1082 314 1148 dedidere.
341 1084 419 1162 Ille,
434 1084 495 1166 qui
509 1085 594 1147 nihil
610 1093 738 1166 praeter
753 1087 969 1150 commodum
984 1107 1085 1151 suum

142 1202 290 1265 pensare
306 1191 436 1260 nosset,
461 1182 683 1249 denunciavit
701 1184 845 1249 Francis
869 1194 908 1250 ut
929 1187 1084 1268 abirent;

142 1283 276 1347 malens
286 1283 406 1346 urbem
422 1283 554 1348 servari
562 1283 755 1348 Turcorum
773 1293 903 1368 apertae
919 1286 1084 1368 perfidiae,

142 1401 247 1465 quam
266 1383 479 1446 Francorum
492 1390 664 1466 suspectae
680 1385 856 1466 potentiae.
902 1385 925 1448 J
927 1387 1016 1449 ussit
1031 1393 1084 1449 ta-

143 1501 222 1545 men
248 1481 408 1547 distribui
432 1489 613 1563 argentum
639 1489 675 1546 et
698 1503 822 1548 aurum
846 1485 1084 1566 optimatibus,

142 1600 300 1645 nummos
315 1599 425 1645 tereos
446 1580 677 1658 inferioribus,
694 1603 737 1646 ne
759 1602 797 1646 se
819 1584 1085 1648 irremuneratos

143 1688 379 1763 quererentur.
432 1680 491 1744 Ita
519 1680 637 1758 Turci,
668 1682 727 1763 qui
751 1682 827 1765 jam
861 1702 883 1746 a
916 1684 1085 1766 quinqua-

143 1780 243 1861 ginta
269 1780 370 1844 annis
398 1779 611 1862 Bithyniam,
634 1799 714 1862 quae
742 1789 796 1845 est
826 1800 908 1864 pars
938 1782 1085 1846 Minoris

142 1878 250 1956 Asiae,
264 1898 369 1961 qnam
383 1879 593 1943 Romaniam
605 1879 735 1958 dicunt,
747 1879 924 1962 Euphrate
938 1883 1086 1946 transito

141 1978 379 2061 possederant,
407 1979 445 2042 in
470 1978 665 2060 superiores
692 1978 777 2061 fuga
810 1987 921 2044 terras
946 1999 1086 2045 conces-

142 2097 241 2157 sere;
269 2085 495 2143 veruntamen
519 2079 596 2141 ausi
628 2086 721 2157 sunt,
747 2079 925 2143 obsidione
957 2080 1084 2157 soluta,

142 2177 332 2242 exercitum
348 2177 441 2241 ultra
454 2177 731 2260 progredientem
744 2178 926 2257 incessere,
944 2186 1086 2243 auctore

141 2277 291 2360 quodam
315 2270 533 2340 ²Solimanno
566 2278 622 2340 cui
654 2276 842 2341 dominium
876 2279 985 2342 totius
1014 2278 1087 2342 Ro·

142 2369 476 2458 maniae³obtigerat
529 2376 579 2453 Ie,
591 2377 722 2440 coactis
738 2377 998 2459 sagittariorum
1010 2378 1086 2441 mil-

141 2477 231 2541 libus
259 2476 488 2540 aestimatione
516 2477 679 2539 trecentis
707 2477 903 2558 sexaginta,
935 2484 1085 2553 nostros,

142 2575 227 2640 nibil
256 2575 369 2638 minus
397 2592 501 2658 quam
529 2574 655 2638 bellum
680 2576 899 2653 meditantes,
925 2585 1025 2640 tanta
1051 2576 1086 2639 vi

142 2693 329 2758 aggressus
351 2681 416 2752 est,
433 2680 485 2751 ut,
500 2672 611 2737 ferreo
626 2675 733 2739 imbre
755 2677 960 2757 sagittarum
983 2676 1085 2738 inun-

141 2774 247 2839 dante
275 2774 462 2857 perterriti,
485 2792 605 2837 omnes
629 2774 871 2838 incunctanter
895 2774 999 2838 dorsa
1021 2794 1085 2838 nu·

141 2873 277 2938 darent.
318 2873 365 2938 Et
381 2880 456 2938 tum
473 2871 562 2935 forte
578 2866 669 2936 *dux
687 2872 907 2949 Godefridus,
922 2880 958 2937 et
976 2873 1085 2954 Hugo

140 2991 301 3056 magnus,
326 2980 362 3037 et
386 2970 603 3037 Raimundus
629 2973 734 3036 aliam
756 2973 849 3036 viam
872 2974 1086 3049 invaserant,

142 3080 240 3138 utet
265 3071 479 3136 inimicorum
500 3071 611 3134 solum
635 3071 886 3154 popularentur
909 3073 1028 3148 latius,
1051 3079 1087 3134 11

142 3171 214 3236 suis
230 3171 360 3254 pabula
375 3176 617 3252 compararent
629 3169 778 3234 facilius.
830 3169 881 3234 At
897 3190 980 3234 vero
996 3170 1088 3234 Nor*

142 3289 302 3346 mannus,
322 3269 466 3353 ancipiti
482 3269 678 3333 discrimine
694 3275 883 3352 permotus,
900 3269 1088 3332 adventum

143 3370 348 3446 'lurcorum
362 3368 536 3451 expeditis
549 3368 757 3446 cursoribus
768 3368 957 3432 Godesrido
972 3375 1008 3431 et
1023 3387 1088 3431 cae-

142 3470 226 3534 teris
250 3488 313 3552 per
340 3475 436 3532 tutos
464 3468 619 3530 tramites
646 3467 830 3532 intimavit.
883 3466 953 3543 Illi,
982 3486 1088 3530 morae

143 3569 261 3647 nescii,
273 3567 383 3650 signis
399 3568 437 3631 in
453 3565 587 3630 hostem
601 3567 791 3642 conversis,
806 3567 919 3630 socios
934 3566 1090 3648 eripuere

167 3779 188 3823 '¹
206 3788 379 3852 1111111111]
397 3787 432 3839 D.
451 3788 501 3848 E.;
517 3787 605 3848 dejici·
629 3787 658 3836 of
665 3787 817 3836 Jerusalem.
842 3785 902 3850 (See
914 3785 955 3833 De
967 3783 1092 3847 Guignes,

144 3861 219 3924 enda,
227 3860 262 3910 A.
275 3859 305 3910 S.
318 3860 348 3907 G.
360 3858 391 3908 b.
629 3862 689 3906 tom.
700 3869 739 3906 111.
750 3871 776 3917 p.
788 3856 816 3904 ii.
828 3870 872 3916 pp.
886 3853 1006 3920 lo-no.)

143 3924 607 4059 uadesidlilmllnilidgefdilslddlzrkldhs
665 3954 676 3984 ³
689 3956 842 4021 ⁰⁶53th
854 3955 888 4005 A·
901 3955 935 4006 D·
945 3957 977 4005 Ε·
989 3955 1020 4005 1¹·
1032 3971 1039 4016 5
1050 3954 1094 4004 ⁰b·

144 4068 266 4133 kingdom
276 4067 305 4116 of
313 4067 396 4115 Reum
407 4063 533 4114 extended
543 4061 608 4112 from
631 4031 743 4089 venem’
755 4026 784 4076 ⁸·
798 4027 828 4075 c·

144 4140 187 4189 tbe
199 4138 351 4199 Hellespont
361 4139 387 4185 to
398 4135 440 4183 the
457 4135 567 4184 contines
583 4131 613 4180 of
668 4129 773 4192 ⁴”Dux.]
785 4127 819 4177 Δ.
832 4128 860 4176 S.
875 4130 904 4178 C.
918 4128 952 4178 D.
960 4129 991 4178 L.
1003 4144 1010 4189 ;
1022 4129 1096 4176 omit-

144 4209 228 4272 Syria,
239 4207 290 4258 and
300 4205 391 4256 burred
402 4205 445 4253 the
456 4203 607 4265 pilgrimage
633 4199 677 4247 ted
688 4200 715 4246 11
727 4199 759 4248 Ε.

905 4286 920 4330 2
932 4298 947 4331 o
959 4285 975 4329 2
