<?xml version="1.0" encoding="UTF-8"?>
<!DOCTYPE html PUBLIC "-//W3C//DTD XHTML 1.0 Transitional//EN"
    "http://www.w3.org/TR/xhtml1/DTD/xhtml1-transitional.dtd">
<html xmlns="http://www.w3.org/1999/xhtml" xml:lang="en" lang="en">
 <head>
  <title>
</title>
<meta http-equiv="Content-Type" content="text/html;charset=utf-8" />
  <meta name='ocr-system' content='tesseract 3.04.00' />
  <meta name='ocr-capabilities' content='ocr_page ocr_carea ocr_par ocr_line ocrx_word'/>
</head>
<body>
  <div class='ocr_page' id='page_1' title='image "./gestaregumanglo00willgoog_0352.png"; bbox 0 0 2866 4868; ppageno 0'>
   <div class='ocr_carea' id='block_1_1' title="bbox 124 367 1075 465">
    <p class='ocr_par' dir='ltr' id='par_1_1' title="bbox 124 367 1075 465">
     <span class='ocr_line' id='line_1_1' title="bbox 124 367 1075 465; baseline -0.001 -19"><span class='ocrx_word' id='word_1_1' title='bbox 124 399 194 448; x_wconf 82' lang='grc'><strong>1111.</strong></span> <span class='ocrx_word' id='word_1_2' title='bbox 213 382 270 465; x_wconf 92' lang='grc'><strong>11.]</strong></span> <span class='ocrx_word' id='word_1_3' title='bbox 405 367 589 448; x_wconf 44' lang='lat' dir='ltr'>wmsronrn</span> <span class='ocrx_word' id='word_1_4' title='bbox 612 397 790 445; x_wconf 73' lang='lat' dir='ltr'>novumn.</span> <span class='ocrx_word' id='word_1_5' title='bbox 1010 381 1075 445; x_wconf 82' lang='lat'>731</span> 
     </span>
    </p>
   </div>
   <div class='ocr_carea' id='block_1_2' title="bbox 124 548 1079 3750">
    <p class='ocr_par' dir='ltr' id='par_1_2' title="bbox 124 548 1079 3750">
     <span class='ocr_line' id='line_1_2' title="bbox 124 548 1075 638; baseline 0.004 -21"><span class='ocrx_word' id='word_1_6' title='bbox 124 553 350 618; x_wconf 82' lang='lat' dir='ltr'>ruricolarum</span> <span class='ocrx_word' id='word_1_7' title='bbox 379 554 556 638; x_wconf 89' lang='lat' dir='ltr'>usquead</span> <span class='ocrx_word' id='word_1_8' title='bbox 580 548 749 620; x_wconf 89' lang='lat' dir='ltr'>¹stramen</span> <span class='ocrx_word' id='word_1_9' title='bbox 777 554 952 638; x_wconf 87' lang='lat' dir='ltr'>expilatis,</span> <span class='ocrx_word' id='word_1_10' title='bbox 979 555 1075 637; x_wconf 90' lang='lat' dir='ltr'>ipsos</span> 
     </span>
     <span class='ocr_line' id='line_1_3' title="bbox 125 655 1074 738; baseline 0.001 -19"><span class='ocrx_word' id='word_1_11' title='bbox 125 655 262 719; x_wconf 89' lang='lat' dir='ltr'>vinctos</span> <span class='ocrx_word' id='word_1_12' title='bbox 286 656 567 737; x_wconf 84' lang='lat' dir='ltr'>incarcerabant3</span> <span class='ocrx_word' id='word_1_13' title='bbox 599 675 673 734; x_wconf 90' lang='lat' dir='ltr'>nec,</span> <span class='ocrx_word' id='word_1_14' title='bbox 704 656 772 719; x_wconf 91' lang='lat' dir='ltr'>nisi</span> <span class='ocrx_word' id='word_1_15' title='bbox 797 658 953 720; x_wconf 89' lang='lat' dir='ltr'>omnibus</span> <span class='ocrx_word' id='word_1_16' title='bbox 978 676 1074 738; x_wconf 90' lang='lat' dir='ltr'>quae-</span> 
     </span>
     <span class='ocr_line' id='line_1_4' title="bbox 127 751 1073 840; baseline 0.002 -22"><span class='ocrx_word' id='word_1_17' title='bbox 127 775 264 838; x_wconf 87' lang='lat' dir='ltr'>cunque</span> <span class='ocrx_word' id='word_1_18' title='bbox 279 755 464 834; x_wconf 80' lang='lat' dir='ltr'><strong>habebant,</strong></span> <span class='ocrx_word' id='word_1_19' title='bbox 481 763 517 820; x_wconf 91' lang='lat' dir='ltr'>et</span> <span class='ocrx_word' id='word_1_20' title='bbox 530 751 754 840; x_wconf 89' lang='lat' dir='ltr'>²quocunque</span> <span class='ocrx_word' id='word_1_21' title='bbox 770 756 873 821; x_wconf 94' lang='lat' dir='ltr'>modo</span> <span class='ocrx_word' id='word_1_22' title='bbox 897 757 1073 838; x_wconf 85' lang='lat' dir='ltr'>acquirere</span> 
     </span>
     <span class='ocr_line' id='line_1_5' title="bbox 126 856 1073 940; baseline 0.001 -20"><span class='ocrx_word' id='word_1_23' title='bbox 126 863 300 939; x_wconf 88' lang='lat' dir='ltr'>poterant,</span> <span class='ocrx_word' id='word_1_24' title='bbox 320 857 357 920; x_wconf 92' lang='lat' dir='ltr'>in</span> <span class='ocrx_word' id='word_1_25' title='bbox 384 856 652 939; x_wconf 83' lang='lat' dir='ltr'>redemptionem</span> <span class='ocrx_word' id='word_1_26' title='bbox 675 858 900 940; x_wconf 61' lang='lat' dir='ltr'>consumptis</span> <span class='ocrx_word' id='word_1_27' title='bbox 921 857 1073 921; x_wconf 90' lang='lat' dir='ltr'>dimitte-</span> 
     </span>
     <span class='ocr_line' id='line_1_6' title="bbox 127 956 1072 1042; baseline 0.002 -22"><span class='ocrx_word' id='word_1_28' title='bbox 127 957 222 1021; x_wconf 86' lang='lat' dir='ltr'><strong>bant.</strong></span> <span class='ocrx_word' id='word_1_29' title='bbox 255 956 379 1021; x_wconf 91' lang='lat' dir='ltr'>Plures</span> <span class='ocrx_word' id='word_1_30' title='bbox 393 958 430 1020; x_wconf 91' lang='grc'>11</span> <span class='ocrx_word' id='word_1_31' title='bbox 443 958 528 1040; x_wconf 89' lang='lat' dir='ltr'>ipsis</span> <span class='ocrx_word' id='word_1_32' title='bbox 543 958 725 1023; x_wconf 86' lang='lat' dir='ltr'>tormentis</span> <span class='ocrx_word' id='word_1_33' title='bbox 741 959 867 1042; x_wconf 91' lang='lat' dir='ltr'>quibus</span> <span class='ocrx_word' id='word_1_34' title='bbox 883 957 978 1020; x_wconf 90' lang='lat' dir='ltr'>adse</span> <span class='ocrx_word' id='word_1_35' title='bbox 994 958 1072 1022; x_wconf 92' lang='lat' dir='ltr'>red-</span> 
     </span>
     <span class='ocr_line' id='line_1_7' title="bbox 127 1056 1073 1140; baseline -0.001 -19"><span class='ocrx_word' id='word_1_36' title='bbox 127 1056 303 1121; x_wconf 91' lang='lat' dir='ltr'>imendum</span> <span class='ocrx_word' id='word_1_37' title='bbox 325 1059 651 1140; x_wconf 84' lang='lat' dir='ltr'>constringebantur</span> <span class='ocrx_word' id='word_1_38' title='bbox 674 1058 792 1122; x_wconf 89' lang='lat' dir='ltr'>dulces</span> <span class='ocrx_word' id='word_1_39' title='bbox 813 1057 975 1122; x_wconf 90' lang='lat' dir='ltr'>efflabant</span> <span class='ocrx_word' id='word_1_40' title='bbox 998 1059 1073 1120; x_wconf 90' lang='lat' dir='ltr'>ani·</span> 
     </span>
     <span class='ocr_line' id='line_1_8' title="bbox 127 1157 1074 1242; baseline 0.002 -23"><span class='ocrx_word' id='word_1_41' title='bbox 127 1176 214 1235; x_wconf 92' lang='lat' dir='ltr'>mas,</span> <span class='ocrx_word' id='word_1_42' title='bbox 231 1158 324 1240; x_wconf 91' lang='lat' dir='ltr'>quod</span> <span class='ocrx_word' id='word_1_43' title='bbox 341 1157 452 1222; x_wconf 92' lang='lat' dir='ltr'>solum</span> <span class='ocrx_word' id='word_1_44' title='bbox 463 1166 636 1242; x_wconf 90' lang='lat' dir='ltr'>poterant,</span> <span class='ocrx_word' id='word_1_45' title='bbox 651 1158 728 1223; x_wconf 93' lang='lat' dir='ltr'>Deo</span> <span class='ocrx_word' id='word_1_46' title='bbox 741 1160 897 1223; x_wconf 84' lang='lat' dir='ltr'>miserias</span> <span class='ocrx_word' id='word_1_47' title='bbox 915 1177 996 1221; x_wconf 87' lang='lat' dir='ltr'>suas</span> <span class='ocrx_word' id='word_1_48' title='bbox 1013 1177 1074 1241; x_wconf 90' lang='lat' dir='ltr'>ap-</span> 
     </span>
     <span class='ocr_line' id='line_1_9' title="bbox 127 1257 1075 1343; baseline 0.003 -23"><span class='ocrx_word' id='word_1_49' title='bbox 127 1257 316 1340; x_wconf 76' lang='lat' dir='ltr'>plorantes</span> <span class='ocrx_word' id='word_1_50' title='bbox 369 1258 416 1323; x_wconf 90' lang='lat' dir='ltr'>Et</span> <span class='ocrx_word' id='word_1_51' title='bbox 429 1258 579 1343; x_wconf 90' lang='lat' dir='ltr'>quidem,</span> <span class='ocrx_word' id='word_1_52' title='bbox 599 1279 642 1323; x_wconf 91' lang='lat' dir='ltr'>ex</span> <span class='ocrx_word' id='word_1_53' title='bbox 656 1259 836 1323; x_wconf 91' lang='lat' dir='ltr'>voluntate</span> <span class='ocrx_word' id='word_1_54' title='bbox 853 1260 1003 1336; x_wconf 89' lang='lat' dir='ltr'>comitis,</span> <span class='ocrx_word' id='word_1_55' title='bbox 1025 1259 1075 1322; x_wconf 91' lang='lat' dir='ltr'>le-</span> 
     </span>
     <span class='ocr_line' id='line_1_10' title="bbox 127 1359 1074 1444; baseline 0.002 -22"><span class='ocrx_word' id='word_1_56' title='bbox 127 1365 231 1439; x_wconf 89' lang='lat' dir='ltr'>gatus</span> <span class='ocrx_word' id='word_1_57' title='bbox 257 1379 336 1423; x_wconf 91' lang='lat' dir='ltr'>cum</span> <span class='ocrx_word' id='word_1_58' title='bbox 360 1359 530 1444; x_wconf 90' lang='lat' dir='ltr'>episcopis</span> <span class='ocrx_word' id='word_1_59' title='bbox 555 1379 673 1424; x_wconf 92' lang='lat' dir='ltr'>omnes</span> <span class='ocrx_word' id='word_1_60' title='bbox 698 1360 896 1424; x_wconf 88' lang='lat' dir='ltr'>effractores</span> <span class='ocrx_word' id='word_1_61' title='bbox 918 1361 1074 1424; x_wconf 90' lang='lat' dir='ltr'>coemite·</span> 
     </span>
     <span class='ocr_line' id='line_1_11' title="bbox 128 1457 1074 1543; baseline 0.002 -22"><span class='ocrx_word' id='word_1_62' title='bbox 128 1457 258 1523; x_wconf 87' lang='lat' dir='ltr'>riorum</span> <span class='ocrx_word' id='word_1_63' title='bbox 274 1467 310 1524; x_wconf 90' lang='lat' dir='ltr'>et</span> <span class='ocrx_word' id='word_1_64' title='bbox 323 1459 509 1525; x_wconf 85' lang='lat' dir='ltr'>violatores</span> <span class='ocrx_word' id='word_1_65' title='bbox 532 1460 765 1539; x_wconf 88' lang='lat' dir='ltr'>ecclesiarum,</span> <span class='ocrx_word' id='word_1_66' title='bbox 780 1468 815 1525; x_wconf 88' lang='lat' dir='ltr'>et</span> <span class='ocrx_word' id='word_1_67' title='bbox 830 1461 890 1543; x_wconf 92' lang='lat' dir='ltr'>qui</span> <span class='ocrx_word' id='word_1_68' title='bbox 912 1462 1003 1525; x_wconf 90' lang='lat' dir='ltr'>sacri</span> <span class='ocrx_word' id='word_1_69' title='bbox 1017 1460 1074 1524; x_wconf 93' lang='lat' dir='ltr'>vel</span> 
     </span>
     <span class='ocr_line' id='line_1_12' title="bbox 127 1558 1074 1640; baseline 0.002 -19"><span class='ocrx_word' id='word_1_70' title='bbox 127 1558 281 1640; x_wconf 84' lang='lat' dir='ltr'>religiosi</span> <span class='ocrx_word' id='word_1_71' title='bbox 311 1559 440 1623; x_wconf 88' lang='lat' dir='ltr'>ordinis</span> <span class='ocrx_word' id='word_1_72' title='bbox 474 1559 669 1625; x_wconf 90' lang='lat' dir='ltr'>bominibus</span> <span class='ocrx_word' id='word_1_73' title='bbox 700 1561 757 1625; x_wconf 91' lang='lat' dir='ltr'>vel</span> <span class='ocrx_word' id='word_1_74' title='bbox 789 1581 907 1625; x_wconf 90' lang='lat' dir='ltr'>eornm</span> <span class='ocrx_word' id='word_1_75' title='bbox 935 1561 1074 1624; x_wconf 84' lang='lat' dir='ltr'>famulis</span> 
     </span>
     <span class='ocr_line' id='line_1_13' title="bbox 128 1659 1071 1744; baseline 0.004 -23"><span class='ocrx_word' id='word_1_76' title='bbox 128 1677 250 1722; x_wconf 90' lang='lat' dir='ltr'>manus</span> <span class='ocrx_word' id='word_1_77' title='bbox 275 1659 487 1744; x_wconf 88' lang='lat' dir='ltr'>injecissent,</span> <span class='ocrx_word' id='word_1_78' title='bbox 508 1661 708 1726; x_wconf 85' lang='lat' dir='ltr'>multotiens</span> <span class='ocrx_word' id='word_1_79' title='bbox 738 1663 1071 1742; x_wconf 81' lang='lat' dir='ltr'>excommunicavit3</span> 
     </span>
     <span class='ocr_line' id='line_1_14' title="bbox 127 1759 1071 1845; baseline 0.002 -23"><span class='ocrx_word' id='word_1_80' title='bbox 127 1759 188 1823; x_wconf 88' lang='lat' dir='ltr'>sed</span> <span class='ocrx_word' id='word_1_81' title='bbox 221 1759 307 1824; x_wconf 90' lang='lat' dir='ltr'>nibil</span> <span class='ocrx_word' id='word_1_82' title='bbox 337 1761 586 1844; x_wconf 85' lang='lat' dir='ltr'>propemodum</span> <span class='ocrx_word' id='word_1_83' title='bbox 615 1762 680 1826; x_wconf 91' lang='lat' dir='ltr'>hac</span> <span class='ocrx_word' id='word_1_84' title='bbox 712 1763 859 1845; x_wconf 85' lang='lat' dir='ltr'>profecit</span> <span class='ocrx_word' id='word_1_85' title='bbox 889 1762 1071 1825; x_wconf 90' lang='lat' dir='ltr'>industria.</span> 
     </span>
     <span class='ocr_line' id='line_1_15' title="bbox 128 1859 1074 1944; baseline 0.002 -21"><span class='ocrx_word' id='word_1_86' title='bbox 128 1859 216 1925; x_wconf 87' lang='lat' dir='ltr'>Erat</span> <span class='ocrx_word' id='word_1_87' title='bbox 238 1880 319 1942; x_wconf 90' lang='lat' dir='ltr'>ergo</span> <span class='ocrx_word' id='word_1_88' title='bbox 335 1861 452 1926; x_wconf 93' lang='lat' dir='ltr'>videre</span> <span class='ocrx_word' id='word_1_89' title='bbox 474 1863 719 1940; x_wconf 88' lang='lat' dir='ltr'>calamitatem,</span> <span class='ocrx_word' id='word_1_90' title='bbox 735 1860 913 1944; x_wconf 85' lang='lat' dir='ltr'>Angliam,</span> <span class='ocrx_word' id='word_1_91' title='bbox 928 1863 1074 1944; x_wconf 86' lang='lat' dir='ltr'>praecla-</span> 
     </span>
     <span class='ocr_line' id='line_1_16' title="bbox 126 1960 1075 2045; baseline 0.003 -23"><span class='ocrx_word' id='word_1_92' title='bbox 126 1960 298 2025; x_wconf 89' lang='lat' dir='ltr'>rissimam</span> <span class='ocrx_word' id='word_1_93' title='bbox 312 1961 484 2044; x_wconf 90' lang='lat' dir='ltr'>quondam</span> <span class='ocrx_word' id='word_1_94' title='bbox 499 1964 595 2045; x_wconf 90' lang='lat' dir='ltr'>pacis</span> <span class='ocrx_word' id='word_1_95' title='bbox 612 1962 832 2040; x_wconf 89' lang='lat' dir='ltr'>nutriculam,</span> <span class='ocrx_word' id='word_1_96' title='bbox 848 1963 998 2045; x_wconf 87' lang='lat' dir='ltr'>speciale</span> <span class='ocrx_word' id='word_1_97' title='bbox 1013 1963 1075 2025; x_wconf 93' lang='lat' dir='ltr'>do·</span> 
     </span>
     <span class='ocr_line' id='line_1_17' title="bbox 127 2060 1075 2144; baseline 0.003 -21"><span class='ocrx_word' id='word_1_98' title='bbox 127 2060 291 2125; x_wconf 91' lang='lat' dir='ltr'>micilium</span> <span class='ocrx_word' id='word_1_99' title='bbox 309 2061 447 2144; x_wconf 87' lang='lat' dir='ltr'>quietis,</span> <span class='ocrx_word' id='word_1_100' title='bbox 465 2062 594 2127; x_wconf 88' lang='lat' dir='ltr'>adhoc</span> <span class='ocrx_word' id='word_1_101' title='bbox 609 2064 756 2127; x_wconf 85' lang='lat' dir='ltr'>miseriae</span> <span class='ocrx_word' id='word_1_102' title='bbox 772 2062 970 2127; x_wconf 88' lang='lat' dir='ltr'>devolutam</span> <span class='ocrx_word' id='word_1_103' title='bbox 987 2082 1075 2141; x_wconf 91' lang='lat' dir='ltr'>esse,</span> 
     </span>
     <span class='ocr_line' id='line_1_18' title="bbox 128 2162 1075 2246; baseline 0.002 -22"><span class='ocrx_word' id='word_1_104' title='bbox 128 2167 169 2224; x_wconf 88' lang='lat' dir='ltr'>ut</span> <span class='ocrx_word' id='word_1_105' title='bbox 192 2181 255 2224; x_wconf 90' lang='lat' dir='ltr'>nec</span> <span class='ocrx_word' id='word_1_106' title='bbox 280 2163 384 2226; x_wconf 92' lang='lat' dir='ltr'>etiam</span> <span class='ocrx_word' id='word_1_107' title='bbox 411 2163 564 2246; x_wconf 87' lang='lat' dir='ltr'>episcopi</span> <span class='ocrx_word' id='word_1_108' title='bbox 588 2183 652 2227; x_wconf 90' lang='lat' dir='ltr'>nec</span> <span class='ocrx_word' id='word_1_109' title='bbox 675 2162 836 2227; x_wconf 91' lang='lat' dir='ltr'>monachi</span> <span class='ocrx_word' id='word_1_110' title='bbox 860 2162 902 2225; x_wconf 94' lang='lat' dir='ltr'>de</span> <span class='ocrx_word' id='word_1_111' title='bbox 929 2163 1013 2227; x_wconf 91' lang='lat' dir='ltr'>villa</span> <span class='ocrx_word' id='word_1_112' title='bbox 1038 2165 1075 2226; x_wconf 92' lang='lat' dir='ltr'>in</span> 
     </span>
     <span class='ocr_line' id='line_1_19' title="bbox 126 2261 1075 2346; baseline 0.002 -21"><span class='ocrx_word' id='word_1_113' title='bbox 126 2261 245 2326; x_wconf 91' lang='lat' dir='ltr'>villam</span> <span class='ocrx_word' id='word_1_114' title='bbox 262 2268 338 2327; x_wconf 90' lang='lat' dir='ltr'>tuto</span> <span class='ocrx_word' id='word_1_115' title='bbox 352 2270 495 2346; x_wconf 87' lang='lat' dir='ltr'>possent</span> <span class='ocrx_word' id='word_1_116' title='bbox 510 2264 682 2346; x_wconf 82' lang='lat' dir='ltr'>progredi.</span> <span class='ocrx_word' id='word_1_117' title='bbox 735 2263 806 2327; x_wconf 93' lang='lat' dir='ltr'>Sub</span> <span class='ocrx_word' id='word_1_118' title='bbox 824 2263 978 2327; x_wconf 87' lang='lat' dir='ltr'>Heurico</span> <span class='ocrx_word' id='word_1_119' title='bbox 994 2282 1075 2344; x_wconf 88' lang='lat' dir='ltr'>rege</span> 
     </span>
     <span class='ocr_line' id='line_1_20' title="bbox 128 2357 1075 2448; baseline 0.001 -23"><span class='ocrx_word' id='word_1_120' title='bbox 128 2362 229 2426; x_wconf 91' lang='lat' dir='ltr'>multi</span> <span class='ocrx_word' id='word_1_121' title='bbox 243 2361 459 2445; x_wconf 82' lang='lat' dir='ltr'>alienigenae,</span> <span class='ocrx_word' id='word_1_122' title='bbox 479 2364 539 2447; x_wconf 92' lang='lat' dir='ltr'>qui</span> <span class='ocrx_word' id='word_1_123' title='bbox 559 2365 705 2448; x_wconf 87' lang='lat' dir='ltr'>genialis</span> <span class='ocrx_word' id='word_1_124' title='bbox 727 2364 823 2428; x_wconf 92' lang='lat' dir='ltr'>humi</span> <span class='ocrx_word' id='word_1_125' title='bbox 837 2357 1075 2446; x_wconf 83' lang='lat' dir='ltr'>³inquietatio-</span> 
     </span>
     <span class='ocr_line' id='line_1_21' title="bbox 127 2462 1077 2548; baseline 0.004 -23"><span class='ocrx_word' id='word_1_126' title='bbox 127 2462 229 2526; x_wconf 91' lang='lat' dir='ltr'>nibus</span> <span class='ocrx_word' id='word_1_127' title='bbox 254 2465 537 2546; x_wconf 82' lang='lat' dir='ltr'>exagitabantur,</span> <span class='ocrx_word' id='word_1_128' title='bbox 559 2464 733 2548; x_wconf 27' lang='lat' dir='ltr'>Angliam,</span> <span class='ocrx_word' id='word_1_129' title='bbox 748 2465 1018 2547; x_wconf 88' lang='lat' dir='ltr'>adnavigabant,</span> <span class='ocrx_word' id='word_1_130' title='bbox 1041 2472 1077 2529; x_wconf 90' lang='lat' dir='ltr'>et</span> 
     </span>
     <span class='ocr_line' id='line_1_22' title="bbox 128 2563 1076 2649; baseline 0.002 -23"><span class='ocrx_word' id='word_1_131' title='bbox 128 2564 193 2627; x_wconf 85' lang='lat' dir='ltr'>sub</span> <span class='ocrx_word' id='word_1_132' title='bbox 215 2563 291 2648; x_wconf 90' lang='lat' dir='ltr'>ejus</span> <span class='ocrx_word' id='word_1_133' title='bbox 313 2565 379 2630; x_wconf 88' lang='lat' dir='ltr'>alis</span> <span class='ocrx_word' id='word_1_134' title='bbox 400 2566 556 2649; x_wconf 90' lang='lat' dir='ltr'>quietum</span> <span class='ocrx_word' id='word_1_135' title='bbox 578 2568 688 2631; x_wconf 92' lang='lat' dir='ltr'>otium</span> <span class='ocrx_word' id='word_1_136' title='bbox 711 2566 882 2649; x_wconf 86' lang='lat' dir='ltr'>agebant:</span> <span class='ocrx_word' id='word_1_137' title='bbox 906 2566 969 2628; x_wconf 90' lang='lat' dir='ltr'>sub</span> <span class='ocrx_word' id='word_1_138' title='bbox 997 2565 1076 2629; x_wconf 89' lang='lat' dir='ltr'>Ste-</span> 
     </span>
     <span class='ocr_line' id='line_1_23' title="bbox 127 2663 1075 2748; baseline 0.001 -21"><span class='ocrx_word' id='word_1_139' title='bbox 127 2663 244 2746; x_wconf 91' lang='lat' dir='ltr'>phano</span> <span class='ocrx_word' id='word_1_140' title='bbox 257 2665 375 2748; x_wconf 89' lang='lat' dir='ltr'>plures</span> <span class='ocrx_word' id='word_1_141' title='bbox 390 2686 436 2729; x_wconf 88' lang='lat' dir='ltr'>ex</span> <span class='ocrx_word' id='word_1_142' title='bbox 454 2665 620 2730; x_wconf 87' lang='lat' dir='ltr'>Flandria</span> <span class='ocrx_word' id='word_1_143' title='bbox 634 2675 669 2731; x_wconf 91' lang='lat' dir='ltr'>et</span> <span class='ocrx_word' id='word_1_144' title='bbox 686 2667 896 2744; x_wconf 90' lang='lat' dir='ltr'>Brittannia,</span> <span class='ocrx_word' id='word_1_145' title='bbox 914 2672 1014 2748; x_wconf 91' lang='lat' dir='ltr'>rapto</span> <span class='ocrx_word' id='word_1_146' title='bbox 1025 2666 1075 2729; x_wconf 90' lang='lat' dir='ltr'>vi-</span> 
     </span>
     <span class='ocr_line' id='line_1_24' title="bbox 128 2764 1076 2850; baseline 0 -22"><span class='ocrx_word' id='word_1_147' title='bbox 128 2783 210 2828; x_wconf 90' lang='lat' dir='ltr'>vere</span> <span class='ocrx_word' id='word_1_148' title='bbox 229 2767 371 2844; x_wconf 91' lang='lat' dir='ltr'>assueti,</span> <span class='ocrx_word' id='word_1_149' title='bbox 388 2785 450 2848; x_wconf 90' lang='lat' dir='ltr'>spe</span> <span class='ocrx_word' id='word_1_150' title='bbox 470 2785 673 2849; x_wconf 87' lang='lat' dir='ltr'>magnarum</span> <span class='ocrx_word' id='word_1_151' title='bbox 699 2768 894 2850; x_wconf 90' lang='lat' dir='ltr'>praedarum</span> <span class='ocrx_word' id='word_1_152' title='bbox 910 2764 1076 2846; x_wconf 89' lang='lat' dir='ltr'>Angliam</span> 
     </span>
     <span class='ocr_line' id='line_1_25' title="bbox 127 2859 1076 2931; baseline 0 -4"><span class='ocrx_word' id='word_1_153' title='bbox 127 2863 340 2930; x_wconf 87' lang='lat' dir='ltr'>involabant.</span> <span class='ocrx_word' id='word_1_154' title='bbox 400 2864 526 2930; x_wconf 87' lang='lat' dir='ltr'>Comes</span> <span class='ocrx_word' id='word_1_155' title='bbox 552 2859 784 2931; x_wconf 86' lang='lat' dir='ltr'>⁴Gloecestrae</span> <span class='ocrx_word' id='word_1_156' title='bbox 817 2867 993 2930; x_wconf 90' lang='lat' dir='ltr'>Robertus</span> <span class='ocrx_word' id='word_1_157' title='bbox 1022 2865 1076 2928; x_wconf 91' lang='lat' dir='ltr'>in-</span> 
     </span>
     <span class='ocr_line' id='line_1_26' title="bbox 129 2965 1077 3048; baseline -0.002 -20"><span class='ocrx_word' id='word_1_158' title='bbox 129 2972 225 3028; x_wconf 90' lang='lat' dir='ltr'>terea</span> <span class='ocrx_word' id='word_1_159' title='bbox 247 2965 402 3029; x_wconf 90' lang='lat' dir='ltr'>modeste</span> <span class='ocrx_word' id='word_1_160' title='bbox 417 2985 455 3030; x_wconf 90' lang='lat' dir='ltr'>se</span> <span class='ocrx_word' id='word_1_161' title='bbox 469 2986 585 3048; x_wconf 88' lang='lat' dir='ltr'>agere,</span> <span class='ocrx_word' id='word_1_162' title='bbox 602 2967 688 3030; x_wconf 91' lang='lat' dir='ltr'>nihil</span> <span class='ocrx_word' id='word_1_163' title='bbox 705 2967 816 3047; x_wconf 90' lang='lat' dir='ltr'>magis</span> <span class='ocrx_word' id='word_1_164' title='bbox 834 2984 957 3029; x_wconf 87' lang='lat' dir='ltr'>cavere</span> <span class='ocrx_word' id='word_1_165' title='bbox 972 2983 1077 3045; x_wconf 91' lang='lat' dir='ltr'>quam</span> 
     </span>
     <span class='ocr_line' id='line_1_27' title="bbox 129 3064 1077 3148; baseline 0 -21"><span class='ocrx_word' id='word_1_166' title='bbox 129 3083 173 3127; x_wconf 93' lang='lat' dir='ltr'>ne</span> <span class='ocrx_word' id='word_1_167' title='bbox 189 3064 246 3128; x_wconf 92' lang='lat' dir='ltr'>vel</span> <span class='ocrx_word' id='word_1_168' title='bbox 262 3084 371 3148; x_wconf 91' lang='lat' dir='ltr'>parvo</span> <span class='ocrx_word' id='word_1_169' title='bbox 387 3066 592 3132; x_wconf 92' lang='lat' dir='ltr'>detrimento</span> <span class='ocrx_word' id='word_1_170' title='bbox 606 3087 747 3131; x_wconf 87' lang='lat' dir='ltr'>suorum</span> <span class='ocrx_word' id='word_1_171' title='bbox 765 3067 927 3131; x_wconf 90' lang='lat' dir='ltr'>vinceret.</span> <span class='ocrx_word' id='word_1_172' title='bbox 974 3064 1077 3144; x_wconf 89' lang='lat' dir='ltr'>Mag-</span> 
     </span>
     <span class='ocr_line' id='line_1_28' title="bbox 130 3163 1077 3250; baseline -0.002 -22"><span class='ocrx_word' id='word_1_173' title='bbox 130 3172 229 3229; x_wconf 89' lang='lat' dir='ltr'>nates</span> <span class='ocrx_word' id='word_1_174' title='bbox 244 3163 451 3247; x_wconf 85' lang='lat' dir='ltr'>Anglorum,</span> <span class='ocrx_word' id='word_1_175' title='bbox 467 3187 555 3250; x_wconf 92' lang='lat' dir='ltr'>quos</span> <span class='ocrx_word' id='word_1_176' title='bbox 573 3167 618 3230; x_wconf 89' lang='lat' dir='ltr'>ad</span> <span class='ocrx_word' id='word_1_177' title='bbox 634 3168 835 3250; x_wconf 88' lang='lat' dir='ltr'>religionem</span> <span class='ocrx_word' id='word_1_178' title='bbox 847 3163 1077 3250; x_wconf 88' lang='lat' dir='ltr'>jurisjurandi</span> 
     </span>
     <span class='ocr_line' id='line_1_29' title="bbox 129 3264 1077 3350; baseline -0.001 -22"><span class='ocrx_word' id='word_1_179' title='bbox 129 3265 334 3330; x_wconf 87' lang='lat' dir='ltr'>servandam</span> <span class='ocrx_word' id='word_1_180' title='bbox 358 3266 496 3331; x_wconf 90' lang='lat' dir='ltr'>flectere</span> <span class='ocrx_word' id='word_1_181' title='bbox 520 3287 589 3331; x_wconf 91' lang='lat' dir='ltr'>non</span> <span class='ocrx_word' id='word_1_182' title='bbox 614 3275 744 3350; x_wconf 86' lang='lat' dir='ltr'>posset,</span> <span class='ocrx_word' id='word_1_183' title='bbox 763 3267 849 3330; x_wconf 90' lang='lat' dir='ltr'>satis</span> <span class='ocrx_word' id='word_1_184' title='bbox 869 3265 1018 3329; x_wconf 91' lang='lat' dir='ltr'>habebat</span> <span class='ocrx_word' id='word_1_185' title='bbox 1040 3264 1077 3327; x_wconf 90' lang='grc'>11</span> 
     </span>
     <span class='ocr_line' id='line_1_30' title="bbox 130 3364 1078 3450; baseline -0.001 -21"><span class='ocrx_word' id='word_1_186' title='bbox 130 3364 242 3430; x_wconf 88' lang='lat' dir='ltr'>officio</span> <span class='ocrx_word' id='word_1_187' title='bbox 269 3365 457 3444; x_wconf 91' lang='lat' dir='ltr'>continere,</span> <span class='ocrx_word' id='word_1_188' title='bbox 484 3374 525 3431; x_wconf 89' lang='lat' dir='ltr'>ut</span> <span class='ocrx_word' id='word_1_189' title='bbox 547 3368 607 3450; x_wconf 93' lang='lat' dir='ltr'>qui</span> <span class='ocrx_word' id='word_1_190' title='bbox 636 3368 722 3432; x_wconf 91' lang='lat' dir='ltr'>nihil</span> <span class='ocrx_word' id='word_1_191' title='bbox 755 3367 921 3450; x_wconf 88' lang='lat' dir='ltr'>adjuvare</span> <span class='ocrx_word' id='word_1_192' title='bbox 947 3365 1078 3430; x_wconf 91' lang='lat' dir='ltr'>vellent</span> 
     </span>
     <span class='ocr_line' id='line_1_31' title="bbox 129 3464 1078 3548; baseline -0.001 -19"><span class='ocrx_word' id='word_1_193' title='bbox 129 3466 244 3529; x_wconf 92' lang='lat' dir='ltr'>minus</span> <span class='ocrx_word' id='word_1_194' title='bbox 252 3474 431 3546; x_wconf 89' lang='lat' dir='ltr'>nocerent;</span> <span class='ocrx_word' id='word_1_195' title='bbox 444 3466 631 3530; x_wconf 88' lang='lat' dir='ltr'>secundum</span> <span class='ocrx_word' id='word_1_196' title='bbox 643 3469 823 3545; x_wconf 90' lang='lat' dir='ltr'>comicum,</span> <span class='ocrx_word' id='word_1_197' title='bbox 834 3473 844 3500; x_wconf 89' lang='lat'>‘</span> <span class='ocrx_word' id='word_1_198' title='bbox 856 3467 975 3531; x_wconf 91' lang='lat' dir='ltr'>volens</span> <span class='ocrx_word' id='word_1_199' title='bbox 985 3464 1078 3548; x_wconf 90' lang='lat' dir='ltr'>quod</span> 
     </span>
     <span class='ocr_line' id='line_1_32' title="bbox 130 3566 1078 3651; baseline -0.002 -22"><span class='ocrx_word' id='word_1_200' title='bbox 130 3573 260 3649; x_wconf 87' lang='lat' dir='ltr'>posset,</span> <span class='ocrx_word' id='word_1_201' title='bbox 286 3566 367 3629; x_wconf 90' lang='lat' dir='ltr'>dum</span> <span class='ocrx_word' id='word_1_202' title='bbox 393 3586 463 3631; x_wconf 92' lang='lat' dir='ltr'>non</span> <span class='ocrx_word' id='word_1_203' title='bbox 484 3575 603 3650; x_wconf 91' lang='lat' dir='ltr'>posset</span> <span class='ocrx_word' id='word_1_204' title='bbox 625 3568 717 3651; x_wconf 91' lang='lat' dir='ltr'>quod</span> <span class='ocrx_word' id='word_1_205' title='bbox 732 3566 861 3632; x_wconf 67' lang='lat' dir='ltr'>vellet!</span> <span class='ocrx_word' id='word_1_206' title='bbox 912 3567 1078 3630; x_wconf 90' lang='lat' dir='ltr'>Ubicum-</span> 
     </span>
     <span class='ocr_line' id='line_1_33' title="bbox 129 3665 1079 3750; baseline -0.003 -20"><span class='ocrx_word' id='word_1_207' title='bbox 129 3685 197 3749; x_wconf 89' lang='lat' dir='ltr'>que</span> <span class='ocrx_word' id='word_1_208' title='bbox 211 3672 328 3730; x_wconf 86' lang='lat' dir='ltr'>tamen</span> <span class='ocrx_word' id='word_1_209' title='bbox 342 3667 519 3731; x_wconf 90' lang='lat' dir='ltr'>commode</span> <span class='ocrx_word' id='word_1_210' title='bbox 536 3667 610 3731; x_wconf 93' lang='lat' dir='ltr'>fieri</span> <span class='ocrx_word' id='word_1_211' title='bbox 625 3687 728 3750; x_wconf 90' lang='lat' dir='ltr'>posse</span> <span class='ocrx_word' id='word_1_212' title='bbox 744 3667 896 3744; x_wconf 90' lang='lat' dir='ltr'>videbat,</span> <span class='ocrx_word' id='word_1_213' title='bbox 908 3674 943 3731; x_wconf 92' lang='lat' dir='ltr'>et</span> <span class='ocrx_word' id='word_1_214' title='bbox 960 3665 1079 3729; x_wconf 90' lang='lat' dir='ltr'>militis</span> 
     </span>
    </p>
   </div>
   <div class='ocr_carea' id='block_1_3' title="bbox 129 3919 1081 4260">
    <p class='ocr_par' dir='ltr' id='par_1_3' title="bbox 130 3919 1079 4061">
     <span class='ocr_line' id='line_1_34' title="bbox 169 3919 1079 3994; baseline -0.002 -19"><span class='ocrx_word' id='word_1_215' title='bbox 169 3920 591 3994; x_wconf 56' lang='grc' dir='ltr'>Ι811’111111111.]Ε.;1111111111111).</span> <span class='ocrx_word' id='word_1_216' title='bbox 651 3919 921 3994; x_wconf 78' lang='lat' dir='ltr'>³lnqaiatutioaibar.]</span> <span class='ocrx_word' id='word_1_217' title='bbox 949 3924 982 3975; x_wconf 88' lang='lat' dir='ltr'>E.</span> <span class='ocrx_word' id='word_1_218' title='bbox 1006 3925 1079 3984; x_wconf 79' lang='lat' dir='ltr'>La.;</span> 
     </span>
     <span class='ocr_line' id='line_1_35' title="bbox 130 3997 827 4061; baseline -0.001 -14"><span class='ocrx_word' id='word_1_219' title='bbox 130 3997 185 4047; x_wconf 68' lang='lat'>112.</span> <span class='ocrx_word' id='word_1_220' title='bbox 616 3999 740 4061; x_wconf 87' lang='lat' dir='ltr'>turbellis,</span> <span class='ocrx_word' id='word_1_221' title='bbox 751 3997 780 4047; x_wconf 85' lang='lat' dir='ltr'>S.</span> <span class='ocrx_word' id='word_1_222' title='bbox 792 3997 827 4046; x_wconf 83' lang='lat' dir='ltr'>D.</span> 
     </span>
    </p>

    <p class='ocr_par' dir='ltr' id='par_1_4' title="bbox 129 4061 1081 4260">
     <span class='ocr_line' id='line_1_36' title="bbox 163 4061 593 4132; baseline 0.002 -16"><span class='ocrx_word' id='word_1_223' title='bbox 163 4064 333 4130; x_wconf 71' lang='lat' dir='ltr'>&#39;Quocunque</span> <span class='ocrx_word' id='word_1_224' title='bbox 348 4061 441 4132; x_wconf 75' lang='lat' dir='ltr'>moda]</span> <span class='ocrx_word' id='word_1_225' title='bbox 459 4067 506 4128; x_wconf 83' lang='lat' dir='ltr'>E.;</span> <span class='ocrx_word' id='word_1_226' title='bbox 523 4082 593 4128; x_wconf 85' lang='lat' dir='ltr'>quae·</span> 
     </span>
     <span class='ocr_line' id='line_1_37' title="bbox 129 4136 1081 4200; baseline -0.005 -12"><span class='ocrx_word' id='word_1_227' title='bbox 129 4153 229 4199; x_wconf 88' lang='lat' dir='ltr'>cunque</span> <span class='ocrx_word' id='word_1_228' title='bbox 249 4152 400 4200; x_wconf 86' lang='lat' dir='ltr'>quocunque</span> <span class='ocrx_word' id='word_1_229' title='bbox 417 4138 499 4200; x_wconf 89' lang='lat' dir='ltr'>modo,</span> <span class='ocrx_word' id='word_1_230' title='bbox 518 4138 546 4188; x_wconf 77' lang='lat' dir='ltr'>S.</span> <span class='ocrx_word' id='word_1_231' title='bbox 559 4138 594 4187; x_wconf 89' lang='lat' dir='ltr'>D.</span> <span class='ocrx_word' id='word_1_232' title='bbox 654 4137 663 4166; x_wconf 87' lang='lat'>⁴</span> <span class='ocrx_word' id='word_1_233' title='bbox 689 4138 832 4186; x_wconf 78' lang='lat' dir='ltr'>Gloeeertrae</span> <span class='ocrx_word' id='word_1_234' title='bbox 856 4136 997 4199; x_wconf 71' lang='lat' dir='ltr'>Robertus]</span> <span class='ocrx_word' id='word_1_235' title='bbox 1026 4136 1081 4196; x_wconf 83' lang='lat' dir='ltr'>E.;</span> 
     </span>
     <span class='ocr_line' id='line_1_38' title="bbox 130 4207 916 4260; baseline -0.004 -1"><span class='ocrx_word' id='word_1_236' title='bbox 130 4209 184 4260; x_wconf 75' lang='grc'>12.</span> <span class='ocrx_word' id='word_1_237' title='bbox 619 4207 722 4258; x_wconf 86' lang='lat' dir='ltr'>omitted</span> <span class='ocrx_word' id='word_1_238' title='bbox 733 4209 759 4256; x_wconf 91' lang='lat' dir='ltr'>in</span> <span class='ocrx_word' id='word_1_239' title='bbox 772 4207 800 4256; x_wconf 85' lang='lat' dir='ltr'>S.</span> <span class='ocrx_word' id='word_1_240' title='bbox 813 4207 848 4258; x_wconf 91' lang='lat' dir='ltr'>D.</span> <span class='ocrx_word' id='word_1_241' title='bbox 860 4208 916 4256; x_wconf 74' lang='grc'>12.</span> 
     </span>
    </p>
   </div>
   <div class='ocr_carea' id='block_1_4' title="bbox 0 0 1447 4868">
    <p class='ocr_par' dir='ltr' id='par_1_5' title="bbox 0 0 1447 4868">
     <span class='ocr_line' id='line_1_39' title="bbox 0 0 1447 4868; baseline 0 0"><span class='ocrx_word' id='word_1_242' title='bbox 0 0 1447 4868; x_wconf 95' lang='lat' dir='ltr'> </span> 
     </span>
    </p>
   </div>
  </div>
 </body>
</html>
