2866 4868
182 395 312 479 uls.1.]
343 381 345 386 ’
469 414 643 464 ursanum
669 415 843 464 unvanus.
1069 402 1135 467 709

185 591 270 638 ones
292 573 328 637 in
354 593 459 638 manu
477 567 533 639 ¹et
554 573 713 639 custodia
737 574 940 639 clericorum
958 582 994 638 et
1008 577 1133 658 probo·

186 693 265 737 rum
290 673 467 738 hominum
493 674 648 759 ejusdem
675 674 830 740 ecclesiae
861 675 1133 751 committantur,

186 773 297 839 donec
311 781 432 858 pastor
444 774 609 839 canonice
624 774 868 839 substituatur.
920 774 1049 840 Omnes
1071 795 1133 840 ex-

187 874 355 952 actiones,
382 881 418 940 et
444 873 742 957 meschenningas,
773 880 809 939 et
832 873 1034 958 injustitias,
1060 876 1134 940 sive

186 992 250 1058 per
267 974 485 1040 vicecomites
502 974 558 1040 vel
586 994 648 1058 per
671 975 758 1039 ahos
776 974 948 1057 quoslibet
969 975 1059 1039 male
1081 976 1134 1039 in-

185 1073 323 1154 ductas,
343 1074 497 1140 funditus
519 1073 668 1158 extirpo.
721 1075 840 1140 Bonas
858 1075 965 1156 leges,
982 1082 1019 1140 et
1041 1076 1132 1140 anti-

187 1193 276 1257 quas
294 1181 330 1239 et
345 1174 462 1258 justas
484 1175 752 1239 consuetudines
775 1175 813 1239 in
834 1174 995 1254 murdris,
1009 1183 1045 1240 et
1058 1176 1134 1259 pla-

186 1274 279 1353 citis,
293 1282 330 1340 et
344 1275 422 1339 aliis
443 1275 557 1340 causis
579 1276 783 1352 observabo,
799 1281 835 1341 et
850 1276 1027 1341 observari
1046 1297 1135 1360 prae·

187 1375 279 1458 cipio
304 1381 340 1439 et
366 1375 553 1440 constituo.
604 1371 710 1457 Apud
731 1374 942 1453 Oxenelord,
967 1395 1059 1442 anno
1081 1379 1134 1443 in·
1147 1398 1269 1438 naun.

186 1473 399 1541 carnationis
411 1474 552 1539 Domini
568 1473 749 1540 millesimo
764 1475 951 1541 centesimo
963 1476 1136 1543 tricesimo

189 1579 305 1655 sexto,
320 1573 419 1659 regni
435 1576 503 1640 mei
518 1573 653 1660 primo!

189 1769 288 1829 QUOD
314 1769 391 1819 REX
421 1769 634 1820 §aaronitas
659 1769 777 1819 OMNIA
805 1769 885 1818 HAEc
913 1769 997 1829 QUAE
1022 1768 1137 1817 JURA·

395 1871 516 1918 Valtha·
538 1869 733 1919 PERPERAM
758 1869 935 1920 uuuhvtu.

243 1976 328 2060 §lo
353 1975 507 2042 Nomina
531 1977 684 2055 testium,
699 1976 758 2060 qui
783 1977 882 2041 multi
908 1976 1059 2054 suerunt,
1076 1994 1137 2058 ap·
1151 1997 1261 2049 stenes.

191 2096 322 2159 ponere
346 2075 507 2157 fastidi03
529 2076 612 2159 quia
634 2096 722 2161 pene
744 2078 860 2142 omnia
884 2077 936 2141 ita
959 2096 1138 2160 perperam
1151 2052 1283 2140 tibilim

192 2176 354 2254 mutavit,
371 2175 471 2260 quasi
486 2176 531 2242 ad
548 2176 613 2241 hoc
629 2183 764 2243 tantum
775 2177 929 2260 jurasset
942 2183 983 2241 ut
1004 2196 1139 2260 praeva-

191 2276 376 2342 ricatorem
401 2277 608 2342 sacramenti
637 2296 675 2341 se
705 2296 814 2359 regno
840 2277 905 2342 toti
930 2276 1139 2342 ostenderet.

192 2375 316 2441 Liceat
339 2377 429 2441 enim
455 2376 550 2455 mihi,
577 2396 663 2460 pace
687 2376 954 2441 mansuetissimi
980 2376 1141 2455 hominis,

191 2495 313 2541 verum
330 2496 399 2541 non
416 2478 595 2557 occulere3
618 2476 689 2561 qni,
704 2477 734 2542 si
751 2477 904 2559 legitime
920 2496 1065 2558 regnum
1087 2478 1142 2540 in-

194 2595 335 2658 gressus
357 2575 491 2655 fuisset,
506 2585 542 2643 et
566 2577 602 2642 in
624 2597 666 2641 eo
689 2575 962 2641 administrando
984 2577 1142 2641 credulas

193 2695 296 2742 aures
312 2676 561 2743 malevolorum
583 2677 733 2741 susurris
749 2695 819 2740 non
836 2676 1062 2755 exhibuisset,
1078 2697 1142 2760 pa-

193 2797 270 2841 rum
295 2777 328 2843 ei
346 2776 502 2861 profecto
526 2777 571 2841 ad
593 2775 697 2859 regiae
719 2795 877 2859 personae
902 2776 1060 2841 decorem
1083 2776 1142 2841 de·

193 2875 326 2943 fuisset.
390 2876 517 2960 Itaque
538 2878 603 2941 sub
631 2896 673 2941 eo
698 2877 893 2959 aliquarum
920 2877 1141 2941 ecclesiarum

196 2976 351 3042 thesauri
390 2975 529 3058 direpti,
567 2977 802 3058 possessiones
839 2983 1008 3040 terrarum
1043 2976 1143 3040 laicis

194 3075 308 3156 datae3
331 3075 486 3141 ecclesiae
509 3076 710 3141 clericorum
731 3074 853 3140 ahenis
876 3076 1047 3154 venditoe3
1070 3077 1143 3158 epi·

195 3177 293 3260 scopi
315 3177 422 3259 capti,
444 3167 499 3241 ¹et
520 3195 576 3241 res
597 3194 679 3240 suas
704 3176 901 3241 abalienare
926 3175 1058 3256 eoacti3
1082 3177 1144 3240 ab·

195 3276 312 3354 batiae,
327 3275 385 3342 vel
410 3275 597 3341 amicorum
621 3277 747 3359 gratia,
762 3275 819 3342 vel
842 3276 1058 3340 relaxatione
1085 3265 1161 3340 de?

196 3375 359 3453 bitorum,
384 3374 535 3458 indignis
557 3395 742 3441 concessae.
794 3375 862 3440 Sed
887 3375 962 3439 haec
985 3394 1054 3440 non
1073 3382 1144 3442 tam

197 3474 261 3554 illi,
276 3495 381 3560 quam
398 3476 604 3542 consiliariis
625 3476 714 3560 ejus,
730 3474 933 3540 ascribenda
958 3482 1065 3556 put03
1088 3476 1147 3558 qui

197 3574 453 3659 persuadebant
470 3576 514 3653 ei,
530 3594 706 3658 nunquam
723 3595 802 3638 eum
817 3574 941 3639 debere
955 3594 1072 3640 carere
1088 3575 1147 3639 de·
1251 3621 1253 3625 ι

197 3675 306 3741 uariis
318 3677 400 3741 dum
414 3675 625 3740 monasteria
641 3682 757 3740 essent
774 3674 902 3739 referta
916 3674 1096 3740 thesauris.

111 4009 113 4013 -
235 3977 292 4031 ¹1u
301 3980 432 4044 curua]
458 3980 487 4030 a.
507 3981 537 4031 c.
553 3981 588 4030 n.
605 3980 662 4030 aa.
724 3976 811 4044 Ἢ]
839 3982 872 4031 s.
895 3981 966 4043 aa,
997 3980 1047 4042 vu,
1070 3980 1099 4033 s.
1121 3981 1151 4030 c.

198 4051 492 4114 resonantem.
691 4051 725 4101 n.
