2866 4868
186 404 343 487 marri]
406 419 521 469 casus
544 420 671 470 nucum
695 420 911 469 uuemuuu.
1069 404 1136 469 465

185 579 396 661 eloquentia,
415 579 480 643 tali
506 586 607 660 gestu
633 577 788 662 procedit
814 596 940 642 aureus
962 578 1070 661 lepos,
1094 597 1136 641 eo
1151 598 1278 699 gffiru

186 680 289 744 modo
1259 677 1264 689 '

270 829 494 912 ‘Purpureos
511 827 614 892 flores
629 826 743 891 fundit
756 827 917 891 facundia
932 827 1053 892 dives?

191 978 436 1061 BerengariuS,
451 978 553 1061 plane
570 977 728 1060 quamvis
744 978 820 1059 ipse
841 978 1049 1042 sententiam
1065 998 1140 1042 cor-

190 1080 331 1156 rexerit,
347 1098 466 1143 omnes
484 1097 571 1160 quos
593 1098 638 1141 ex
659 1077 743 1141 totis
765 1077 867 1142 terris
889 1076 1142 1160 depravaverat

191 1188 392 1244 convertere
406 1179 582 1262 nequivit3
606 1177 691 1242 adeo
706 1178 891 1260 pessimum
907 1186 961 1242 ost
976 1179 1063 1242 alios
1079 1198 1142 1243 ex-

192 1280 306 1363 emplo
323 1280 380 1346 vel
397 1280 503 1343 verbo
521 1279 650 1342 abono
673 1278 860 1354 infirmare,
880 1278 962 1360 quia
984 1279 1142 1343 fortassis

192 1387 373 1463 peccatum
394 1387 430 1444 te
452 1379 613 1463 gravabit
629 1378 790 1456 alienum,
808 1397 886 1441 cum
901 1379 1051 1447 deletum
1067 1379 1142 1444 fue·

193 1481 239 1545 rit
262 1488 369 1547 tuum.
423 1478 528 1558 Quod
552 1481 751 1562 episcopum
775 1477 1022 1543 Carnotensem
1038 1473 1142 1544 ¹Ful-

194 1582 342 1661 bertum,
351 1600 452 1663 quem
467 1580 609 1645 Domini
622 1587 734 1643 mater
749 1579 865 1643 Maria
877 1579 958 1643 olim
973 1589 1143 1669 aegrotum

193 1681 284 1761 lacte
310 1680 575 1745 mammillarum
601 1699 740 1747 suarum
764 1681 841 1744 visa
870 1679 983 1744 suerat
1008 1700 1143 1760 sanare,

194 1781 398 1865 praedixisse
413 1781 530 1846 aiunt:
554 1799 634 1844 nam
654 1800 732 1843 cum
752 1780 789 1843 in
806 1780 970 1845 extremis
991 1783 1144 1863 positum

195 1882 296 1946 multi
309 1882 503 1959 visitarent,
531 1889 567 1946 et
589 1881 714 1944 aedium
736 1881 912 1963 capacitas
927 1881 989 1946 vix
1012 1882 1145 1946 confiu-

197 1982 334 2047 entibus
361 1980 545 2059 sufficeret,
571 1981 630 2045 ille
655 1981 747 2044 inter
776 1981 955 2063 oppositas
985 1989 1144 2046 catervas

197 2083 297 2148 oculo
312 2083 417 2164 longe
430 2082 588 2159 rimatus,
598 2081 849 2163 Berengarium
863 2081 941 2145 nisu
955 2101 1024 2164 quo
1034 2083 1146 2147 valuit

197 2183 438 2266 expellendum
458 2183 605 2260 censuit,
630 2188 843 2264 protestatus
867 2181 1052 2246 immanem
1075 2183 1145 2247 dae·

197 2302 334 2348 monem
363 2291 504 2366 propter
533 2302 612 2346 eum
643 2282 843 2360 consistere,
873 2282 1070 2365 multosque
1101 2284 1146 2348 ad

199 2403 276 2448 eum
292 2383 504 2465 sequendum
525 2382 725 2447 blandiente
744 2401 850 2445 manu
872 2388 908 2446 et
929 2382 1021 2448 illice
1041 2385 1146 2448 annea

198 2484 265 2549 litu
288 2502 527 2566 corrumpere3
549 2483 633 2565 quin
656 2489 692 2546 et
712 2483 787 2565 ipse
803 2483 859 2546 die
874 2482 1147 2565 Epiphaniorum

199 2585 361 2661 moriens,
397 2583 596 2666 gemituque
627 2583 795 2665 producto
833 2583 1033 2648 recordatus
1062 2593 1148 2666 quot

199 2685 343 2749 miseros
357 2683 530 2766 quondam
553 2682 753 2747 adolescens
769 2683 879 2766 primo
892 2685 1018 2747 emonis
1033 2687 1147 2750 calore

201 2792 299 2850 secta
310 2804 376 2848 sua
390 2784 559 2863 infecerit,
574 2783 736 2862 ‘Hodie‚’
752 2784 880 2865 inquit,
896 2785 953 2846 ‘in
968 2784 1023 2848 die
1040 2805 1147 2869 appa-

200 2885 336 2950 ritionis
352 2903 425 2950 suae
445 2885 625 2969 apparebit
640 2883 724 2947 mihi
740 2884 910 2951 Dominus
931 2875 1067 2951 meus'J
1069 2906 1149 2950 esus

203 2985 375 3064 Christus,
389 2991 531 3069 propter
548 2984 802 3067 poenitentiam,
819 2991 860 3049 ut
875 3004 989 3068 spero,
1007 2987 1051 3050 ad
1073 2987 1149 3068 glo-

202 3087 309 3167 riam3
333 3087 390 3152 vel
405 3092 547 3168 propter
562 3085 662 3163 alios,
676 3093 717 3149 ut
729 3086 846 3163 timeo,
862 3085 906 3149 ad
920 3086 1084 3168 poenam?

254 3185 364 3271 §286.
388 3185 465 3250 Nos
481 3205 566 3249 sane
584 3185 765 3264 credimus,
784 3192 865 3268 post
878 3185 1151 3251 benedictionem

201 3285 482 3364 ecclesiasticam,
508 3286 570 3350 illa
594 3286 760 3368 mysteria
784 3305 860 3349 esse
881 3305 1001 3349 verum
1026 3306 1151 3369 corpus

202 3392 239 3452 'et
262 3387 467 3470 sanguinem
492 3386 704 3465 Salvatoris3
729 3384 870 3449 adducti
897 3393 933 3450 et
945 3388 1072 3451 veteris
1095 3407 1150 3452 ec-

202 3486 317 3551 clesiae
339 3488 558 3563 auctoritate,
575 3494 611 3550 et
625 3485 744 3550 multis
766 3486 903 3550 noviter
917 3488 1065 3551 ostensis
1087 3487 1151 3551 mi-

203 3589 343 3655 raculis.
397 3586 510 3666 Quale
526 3586 591 3651 fuit
607 3586 693 3649 illud
709 3586 801 3668 quod
819 3587 941 3650 beatus
960 3585 1151 3670 Gregorius

203 3688 362 3754 exhibuit
376 3687 511 3753 Romae.
564 3685 679 3765 Quale
693 3687 785 3769 quod
801 3685 1010 3751 Paschasius
1033 3697 1153 3754 narrat

204 3789 392 3871 contigisse
417 3786 656 3852 Alamanniae:
693 3787 932 3871 presbyterum
955 3787 1151 3871 Plegildum

203 3889 385 3956 visibiliter
410 3889 558 3973 speciem
580 3888 678 3971 pueri
703 3887 740 3952 in
766 3886 876 3951 altare
905 3894 1151 3967 contrectasse,

239 4161 248 4194 ¹
261 4142 413 4226 Fallertum,
423 4178 493 4227 quem
503 4132 604 4213 Dmriim'
616 4177 666 4211 mo-
691 4163 876 4214 mammillarum
891 4179 991 4214 aarum
1007 4166 1060 4216 viso
1066 4135 1155 4224 fuerat

202 4239 242 4286 ter
263 4235 349 4284 Maria
375 4235 433 4284 olim
458 4239 578 4297 agrotum
605 4235 666 4284 lacte
689 4227 798 4302 conara]
818 4233 959 4301 See§186‚
975 4252 1019 4299 pp.
1028 4241 1085 4300 316,
1097 4240 1154 4289 317.
