2866 4868
133 407 201 455 mn.
217 389 283 471 1v.]
355 406 468 455 onsrn
492 406 619 456 ancuu
644 405 860 455 Auononuu.
1017 392 1080 457 511

135 567 297 643 excessit,
319 575 390 629 tres
409 566 629 648 episcopatus
655 572 690 628 et
704 559 900 628 lduodecim
925 565 1084 628 abbatias

137 667 312 730 desolatas
326 667 523 748 pastoribus
539 667 576 728 in
591 684 696 728 manu
713 684 778 727 sua
791 671 936 730 teneret.
988 663 1084 742 Quin

137 774 172 830 et
187 773 331 849 accepta
344 760 524 830 occasione
539 785 610 847 qua
631 766 722 829 inter
741 783 779 828 se
795 764 1000 827 dissiderent
1015 763 1084 827 Ur-

135 867 247 929 banus
273 867 311 928 in
336 865 464 941 Roma,
485 864 684 929 Gwibertus
707 865 744 928 in
770 863 953 941 Ravenna,
977 863 1083 927 tribu·

138 972 211 1029 tum
244 965 414 1029 Romanae
445 965 519 1028 sedi
550 966 711 1046 negavit;
744 965 885 1046 pronior
906 972 1023 1028 tamen
1048 963 1084 1026 in

138 1064 307 1129 Gwiberti
323 1065 485 1146 gratiam,
493 1064 585 1146 quod
602 1064 710 1127 fomes
723 1071 758 1127 et
768 1063 977 1128 incentivum
995 1062 1085 1125 inter

138 1184 216 1228 eum
240 1174 275 1230 et
290 1163 493 1228 Anselmum
517 1162 630 1227 suerat
651 1163 832 1227 discordiae
847 1156 933 1245 ²quo
958 1162 1017 1226 ille
1031 1161 1085 1225 vir

138 1265 215 1329 Deo
228 1265 374 1328 dilectus
385 1265 565 1328 Urbanum
583 1264 824 1346 apostolicum,
842 1263 987 1327 alterum
1000 1280 1084 1345 apo-

138 1371 280 1442 statam,
295 1365 552 1446 pronunciaret.

411 1552 459 1597 na
482 1550 814 1599 cisrnucmusmus.

183 1658 293 1742 §334
319 1658 406 1742 Ejus
425 1659 546 1722 diebus
569 1657 691 1738 religio
712 1651 944 1721 ³cistellensis
967 1654 1085 1737 coepit,
1098 1684 1246 1734 orsinae

139 1777 218 1841 quae
231 1752 341 1822 4nunc
359 1759 491 1841 optima
506 1758 564 1823 via
577 1757 701 1821 summi
712 1758 749 1820 in
764 1756 890 1820 coelum
903 1774 1085 1838 processus
1098 1735 1213 1827 Sillim

140 1866 175 1921 et
189 1859 340 1922 creditur
354 1865 389 1921 et
404 1858 540 1922 dicitur.
587 1857 642 1921 De
655 1876 726 1939 qua
738 1856 795 1920 hic
809 1857 904 1939 loqui
917 1850 1086 1936 ⁵suscepti

130 1947 252 2040 ⁸operis
267 1978 337 2022 non
351 1957 489 2023 videtur
505 1976 581 2021 esse
597 1958 821 2031 contrarium,
835 1954 926 2038 quod
951 1955 995 2018 ad
1013 1953 1086 2019 An·

139 2058 220 2139 gliae
233 2058 389 2140 gloriam
421 2057 604 2139 pertineat,
628 2076 706 2139 quae
731 2057 836 2119 talem
861 2056 972 2120 virum
1005 2072 1085 2136 pro·

139 2157 277 2220 duxerit
291 2159 351 2240 qui
375 2157 519 2240 hujusce
543 2156 719 2238 religionis
741 2155 843 2218 fuerit
860 2162 895 2218 et
911 2160 1031 2216 auctor
1049 2159 1085 2215 et

139 2255 317 2320 mediator.
370 2257 501 2320 Noster
514 2257 584 2332 ille,
600 2264 636 2320 et
653 2262 773 2319 nostra
783 2274 868 2336 puer
881 2254 918 2316 in
933 2251 1086 2335 palestra

138 2356 240 2437 primi
266 2356 333 2419 aevi
363 2356 556 2419 tirocinium
586 2356 747 2419 cucurrit.
800 2352 1032 2435 Quapropter,
1054 2351 1085 2414 si

138 2473 207 2518 non
234 2454 343 2519 invidi
371 2474 502 2532 sumus,
530 2474 572 2518 eo
597 2455 690 2518 illius
711 2456 804 2517 bona
827 2452 1087 2534 complectimur

139 2553 325 2634 gratiosius
342 2574 412 2637 quo
428 2555 647 2635 agnoscimus
662 2553 889 2636 propinquius
902 2572 911 2633 3
935 2551 1086 2614 simulet

141 2652 262 2718 laudes
286 2653 362 2737 ejus
387 2654 547 2717 attollere
572 2653 656 2716 mibi
681 2662 735 2716 est
758 2652 905 2728 animus,
929 2651 1011 2733 quia
1033 2649 1085 2712 in-

140 2772 256 2834 genua
272 2773 368 2817 mens
383 2760 436 2816 est
451 2754 481 2815 si
503 2754 630 2816 bonum
651 2753 689 2815 in
710 2752 779 2816 alio
794 2752 918 2833 probes
933 2748 1026 2832 quod
1051 2749 1087 2829 in

141 2859 176 2916 te
191 2873 261 2917 nou
275 2872 351 2916 esse
374 2852 537 2933 suspires.
591 2851 629 2914 Is
644 2851 709 2915 fuit
726 2850 929 2932 Hardingus
952 2848 1088 2927 nomine

143 2952 235 3033 apud
260 2950 409 3033 AngloS,
435 2970 505 3014 non
530 2952 581 3014 ita
604 2952 790 3015 reconditis
815 2949 989 3013 natalibus
1011 2966 1090 3031 pro-

144 3060 293 3116 creatus.
345 3049 379 3115 A
400 3070 507 3133 puero
530 3044 774 3114 ⁶Scireburniae
797 3048 1006 3126 monachus;
1030 3045 1090 3109 sed

141 3171 219 3214 cum
238 3151 491 3214 adolescentem
509 3150 617 3214 seculi
641 3149 753 3214 urtica
775 3149 989 3222 sollicitaret,
1003 3165 1089 3228 pan-

176 3365 185 3398 ¹
196 3365 350 3429 Duodecim]
373 3365 403 3416 S.
416 3367 446 3416 C.
458 3365 494 3416 D.
506 3366 540 3415 Ε.
556 3365 603 3426 1..;
627 3362 800 3413 tercianorder
806 3362 882 3422 being
888 3360 931 3408 the
939 3364 1022 3408 sureet
1029 3358 1091 3407 road

142 3435 386 3501 quatuordecima
627 3439 653 3482 to
675 3434 771 3481 heaven
793 3447 852 3492 may
869 3432 901 3478 be
920 3443 980 3478 seen
1001 3430 1029 3476 in
1047 3428 1089 3476 the

176 3501 276 3575 ²Qua]
295 3507 325 3557 C.
346 3506 381 3556 D.
401 3506 452 3567 E.;
474 3505 551 3567 quod,
568 3502 602 3554 A.
627 3499 949 3565 prologuetoRichardof
962 3499 1089 3547 Devizes:

144 3579 173 3628 S.
185 3577 217 3627 1..
626 3577 740 3634 ‘quanto
761 3571 827 3622 cella
852 3569 977 3619 eartusiae
999 3569 1091 3616 celsior

177 3644 374 3709 murelunae]
386 3644 415 3695 S.
430 3645 460 3694 C.
471 3644 507 3693 D.
515 3643 602 3703 E.L.;
628 3644 661 3692 sit
688 3647 714 3691 et
744 3642 810 3691 coelo
838 3639 943 3689 vicinior
979 3639 1089 3686 claustro

141 3714 371 3776 cisterciensiad.
627 3712 781 3761 wintoniae!
803 3710 908 3776 (Chron.
929 3709 985 3756 Ric.
1005 3708 1089 3758 Divis.

177 3784 272 3834 *Nunc
293 3783 384 3847 optimu
404 3783 445 3832 uio
467 3781 555 3832 summi
576 3781 602 3830 ia
627 3783 748 3832 cuades.
761 3776 919 3843 Sterenson.)

142 3858 227 3906 coelum
235 3848 382 3920 procem]

176 3925 296 3973 -In
317 3923 411 3972 coelum
433 3936 498 3983 quoe
519 3920 603 3969 evehit

210 3995 307 4056 optima
317 3993 408 4042 summi

177 4065 254 4114 Nunc
264 4065 308 4112 via
317 4075 459 4124 processus.
662 4052 673 4085 ⁶
688 4052 874 4114 Scireburnioe.]
900 4051 932 4100 A.
954 4051 983 4099 S.
1003 4051 1032 4099 G.
1052 4050 1088 4100 D.

326 4133 420 4182 Juven.
432 4132 485 4180 Sat.
497 4144 515 4179 1.
528 4133 568 4178 ³8.
628 4127 660 4173 Ε.
689 4125 737 4186 1..;
766 4122 937 4184 Cineburniae,
965 4120 993 4170 S.
1021 4119 1087 4185 (var.

141 4208 167 4254 A
188 4204 285 4255 similar
304 4202 412 4251 allusion
434 4205 460 4248 to
481 4201 523 4248 tbe
548 4199 602 4249 Cis·
627 4192 697 4258 lect.)

662 3877 676 3909 ⁵
683 3881 797 3944 Suscepti
815 3880 915 3943 operm]
934 3880 963 3929 S.
982 3879 1018 3929 D.
1038 3879 1088 3938 E.;

627 3956 745 4014 suscepto
756 3952 835 4013 operi,
845 3951 877 3999 1..
