2866 4868
330 411 396 476 484
565 429 749 479 rnonocus
773 429 871 476 mum
895 429 1045 489 Qunam.

331 587 505 650 victurum
528 588 620 669 apud
646 607 683 652 se
708 581 886 651 ¹amicitiae
912 587 1038 668 pignus
1066 585 1283 649 contineant.

333 685 506 764 Quocirca
529 688 678 764 illorum,
701 688 761 770 qui
782 686 866 749 mihi
889 687 1011 750 timent
1032 693 1072 749 ut
1094 692 1156 749 aut
1181 684 1284 748 odiar

333 792 393 849 aut
420 787 579 864 mentiar,
605 786 857 851 benevolentiae
889 793 1022 867 gratus,
1046 787 1098 850 ita
1122 786 1187 848 sub
1213 803 1283 866 ope

334 884 464 949 Christi
486 886 708 964 satisfaciam,
733 893 772 951 ut
787 906 849 950 nec
864 886 1027 950 ¹falsarius
1051 905 1114 948 nec
1138 885 1283 948 odiosus

333 985 509 1049 inveniar:
534 987 583 1050 sic
609 987 700 1050 enim
721 988 808 1051 bene
831 992 865 1050 et
890 1005 989 1050 secus
1017 992 1097 1049 acta
1115 985 1284 1067 perstrin-

334 1105 427 1166 gam,
443 1093 495 1163 ut,
516 1087 615 1167 quasi
632 1086 724 1150 inter
738 1085 887 1170 Scyllam
906 1092 941 1150 et
954 1084 1153 1149 Charibdim
1168 1084 1283 1147 illaeso

333 1185 474 1249 volante
495 1187 648 1268 navigio,
669 1186 718 1248 nil
737 1186 827 1249 desit
850 1185 1043 1262 sententiae,
1061 1184 1127 1249 etsi
1149 1183 1283 1266 aliquid

334 1284 435 1348 deese
460 1293 601 1367 putetur
624 1285 786 1349 historiae.
846 1283 957 1348 Porro
985 1285 1066 1361 illis,
1092 1284 1153 1369 qui
1177 1284 1285 1347 alieni

334 1384 462 1448 laboris
486 1405 573 1448 onus
603 1405 668 1449 sua
691 1385 919 1448 aestimatione
943 1390 1116 1467 premunt,
1141 1383 1206 1447 hoc
1229 1403 1286 1446 re-

335 1484 488 1566 spondeo
510 1486 603 1567 quod
630 1485 711 1548 olim
728 1478 888 1548 ²sanctus
907 1483 1112 1567 leronymus
1137 1483 1285 1546 canibus

335 1584 407 1647 suis
430 1584 568 1667 objecit,
594 1584 651 1649 ‘Si
676 1584 804 1667 placet,
830 1583 971 1666 legant3
1004 1585 1034 1646 si
1060 1604 1130 1647 non
1154 1583 1285 1666 placet,

336 1684 533 1767 abjiciantz'
551 1685 633 1767 quia
649 1691 685 1748 et
697 1704 762 1766 ego
787 1684 862 1747 haec
883 1703 953 1747 non
970 1682 1124 1747 taediosis
1147 1683 1284 1765 ingero,

336 1784 397 1846 sed
414 1784 588 1862 studiosiS,
602 1785 632 1847 si
646 1784 706 1865 qui
719 1784 917 1865 dignentur,
932 1803 1114 1862 consecr03
1138 1783 1230 1867 quod
1248 1790 1287 1848 et

336 1883 396 1946 isti
414 1876 499 1966 ³juri
524 1885 704 1948 concinere
726 1885 1016 1966 pronunciabunt,
1033 1883 1064 1946 si
1087 1883 1213 1946 nonde
1227 1882 1285 1946 his

336 1989 419 2046 sunt
434 1984 615 2066 dequibus
632 1984 759 2047 dicitur
772 1987 783 2017 ⁴
795 1983 902 2047 Stulti
914 1983 1017 2047 ¹facile
1039 1989 1187 2065 possunt
1199 2001 1286 2046 con-

336 2083 441 2160 vinci,
466 2082 603 2147 difficile
626 2083 821 2165 compesci.'
872 2083 998 2147 Dicam
1025 2083 1134 2165 igitur
1157 2082 1193 2145 in
1217 2081 1287 2148 hoc

336 2182 437 2259 libro,
463 2184 523 2265 qui
543 2183 647 2267 hujus
672 2183 787 2265 operis
810 2189 864 2247 est
884 2189 1041 2268 quartus,
1055 2181 1220 2267 quicquid
1242 2183 1287 2247 de

337 2281 514 2346 Willelmo
538 2283 608 2346 filio
630 2282 798 2347 Willelmi
826 2284 944 2365 magni
968 2283 1037 2346 dici
1061 2282 1211 2365 poterit3
1245 2289 1288 2347 ut

337 2400 399 2444 nec
413 2382 543 2446 veritas
559 2403 672 2446 rerum
693 2383 832 2459 titubet,
848 2402 911 2446 nec
927 2382 1129 2465 principalis
1147 2381 1288 2447 decolo-

337 2488 433 2545 retur
453 2483 630 2565 maJestaS.
683 2481 794 2546 Ibunt
805 2489 841 2546 et
858 2483 896 2545 in
918 2483 1004 2546 istas
1025 2482 1172 2565 paginas
1190 2502 1289 2564 quae-

337 2580 416 2644 dam
442 2602 520 2666 quae
543 2583 607 2645 sub
635 2601 688 2659 eo,
710 2582 767 2646 vel
791 2581 827 2644 in
858 2582 923 2645 hac
955 2589 1049 2646 terra
1081 2582 1206 2659 tristia,
1228 2583 1288 2648 vel

338 2681 425 2744 alias
456 2680 619 2763 gloriosa,
645 2674 875 2757 *acciderunt
906 2688 1076 2764 quantum
1111 2681 1289 2748 duntaxat

338 2788 458 2845 nostra
480 2782 626 2845 scientia
648 2782 820 2863 attingere
842 2782 1012 2863 potuerit3
1036 2783 1227 2863 praesertim
1244 2783 1290 2847 de

337 2881 615 2963 peregrinatione
625 2879 899 2944 Christianorum
914 2882 950 2943 in
965 2880 1168 2959 Ierusalem,
1182 2902 1289 2964 quam

338 2979 394 3043 hic
414 3000 587 3062 apponere
609 3000 678 3044 non
704 2981 770 3044 erit
790 2980 967 3063 injurium,
984 2979 1068 3062 quia
1088 2988 1160 3044 tam
1177 2981 1290 3046 famo-

338 3099 413 3143 sam
440 3080 638 3143 hisdiebus
666 3080 920 3162 expeditionem
950 3079 1069 3143 audire
1100 3081 1147 3144 sit
1171 3101 1288 3164 operae

338 3179 487 3262 pretium
514 3186 549 3244 et
568 3180 707 3244 virtutis
730 3180 1002 3243 incitamentum.
1054 3178 1179 3262 Neque
1205 3202 1291 3247 vero

339 3279 473 3344 confido
489 3279 581 3362 quod
604 3279 679 3343 haec
698 3299 719 3342 a
733 3300 800 3356 me,
817 3299 922 3362 quam
947 3280 991 3342 ab
1007 3279 1084 3343 aliis
1098 3282 1158 3362 qui
1179 3282 1289 3365 scrip-

339 3386 470 3456 serunt,
485 3380 645 3444 dicantur
662 3379 873 3443 commodius
886 3400 895 3458 ;
913 3379 972 3442 sed
987 3385 1038 3456 ut,
1052 3381 1144 3461 quod
1162 3400 1183 3444 a
1197 3381 1289 3445 mul-

340 3479 385 3541 tis
411 3479 584 3556 scribitur,
610 3499 632 3543 a
654 3479 773 3542 multis
792 3480 940 3560 legatur.
992 3478 1136 3557 Verum,
1153 3500 1196 3544 ne
1215 3488 1289 3546 tarn

339 3577 398 3641 diu
413 3580 612 3661 prooemiari
627 3579 759 3643 lecturo
770 3587 912 3660 generet
922 3598 1101 3656 nauseam,
1111 3580 1186 3664 jam
1198 3600 1290 3646 nunc

339 3678 431 3760 quod
448 3679 588 3743 intendo
604 3679 779 3761 incipiam.

620 3843 790 3891 EXPLICIT
814 3843 1014 3893 PROLOGUS.

376 4092 543 4156 maurim]
560 4095 594 4143 A.
612 4094 641 4143 S.
657 4093 691 4143 D.
709 4094 740 4143 E.
752 4093 800 4153 L.;
861 4090 872 4121 ³
890 4093 950 4142 Jurr'
972 4092 1116 4155 conduma]
1133 4091 1167 4141 A.
1189 4092 1221 4141 E.
1241 4091 1292 4156 L.;

340 4164 516 4225 amicitiarum,
530 4165 559 4212 G.
825 4163 874 4210 viri
884 4163 1025 4224 concinere,
1038 4163 1068 4213 C.
1083 4163 1115 4212 D.

375 4232 522 4297 ²Sunctua]
545 4232 579 4285 A.
600 4234 629 4283 C.
647 4233 681 4282 D.
702 4234 733 4284 E.
752 4233 799 4290 L.;
862 4225 1053 4300 *Acciderunt.]
1064 4231 1099 4280 A.
1112 4231 1141 4281 S.
1149 4231 1184 4280 D.
1197 4231 1230 4280 Ε.
1239 4230 1271 4281 L.
1282 4246 1291 4292 ς

340 4303 444 4354 omitted
453 4303 480 4351 in
491 4303 520 4354 S.
826 4303 962 4366 contigere,
976 4303 1006 4351 G.
