2866 4868
134 406 206 459 uva.
222 388 292 469 111.]
365 403 478 453 cussa
502 404 628 453 aucun
654 402 868 452 suecorum.
1020 385 1086 465 429

136 581 240 626 manu
264 562 368 626 tertio
393 580 485 625 anno
508 560 694 633 redierant,
722 557 957 641 Angligenam
986 579 1086 623 exer·

137 664 243 727 citum
266 670 302 727 et
320 663 442 726 ducem
470 661 609 745 objecit,
625 659 846 724 Normannos
871 659 986 724 feriari
1008 680 1087 743 per-

137 763 300 843 mittens3
323 763 446 845 ingens
465 761 531 824 sibi
546 761 702 825 levamen
719 760 917 843 providens,
932 761 1087 826 utrilibet

138 863 328 927 vincerent.
379 862 457 926 ‘Nec
479 881 558 925 eum
583 861 750 941 cogitatio
772 860 874 940 lusit3
899 879 980 924 uam
1002 861 1088 925 utri·

139 983 207 1045 que
226 963 342 1046 Angli,
357 962 559 1046 aliquandiu
571 961 752 1043 digladiati
766 961 857 1024 inter
871 981 920 1039 se,
936 961 1088 1044 palmam

141 1063 289 1127 otiosam
311 1064 386 1145 regi
416 1062 595 1126 refudere:
631 1061 774 1125 advenae
808 1060 1011 1126 Hiberniam
1034 1060 1087 1125 fu-

140 1163 215 1244 gati
229 1185 238 1243 3
255 1165 354 1245 regii,
368 1164 521 1226 maxima
536 1162 589 1225 sui
605 1161 715 1237 clade,
728 1154 852 1225 nomen
864 1162 967 1226 inane
978 1163 1088 1226 victo·

140 1263 214 1339 riae,
224 1265 351 1327 amisso
361 1262 459 1340 duce,
471 1262 626 1326 mercati.
650 1255 1089 1340 Vocabatur¹isEduodus‚

140 1362 233 1426 domi
265 1364 424 1446 belloque
448 1360 642 1444 Anglorum
671 1363 882 1443 temporibus
906 1362 1013 1446 juxta
1034 1363 1089 1426 in·

140 1463 262 1544 signis,
279 1472 379 1546 pater
401 1462 572 1543 Herdingi
585 1462 646 1544 qui
662 1462 773 1526 adhuc
796 1470 966 1545 superest,
978 1464 1091 1545 magis

141 1572 327 1627 consuetus
343 1563 496 1646 linguam
511 1563 547 1625 in
562 1562 641 1626 lites
667 1581 800 1639 acuere,
817 1582 922 1646 quam
937 1582 1033 1626 arma
1054 1565 1091 1627 in

141 1663 232 1727 bello
249 1671 444 1728 concutere.
499 1663 556 1726 Ita
571 1663 736 1727 laicorum
752 1664 909 1746 potentia
933 1665 1090 1742 subruta,

143 1762 261 1826 stabili
277 1784 415 1847 quoque
441 1763 637 1827 obfirmavit
662 1763 776 1827 edicto
799 1770 838 1827 ut
861 1763 993 1826 nullum
1014 1764 1091 1847 ejus

142 1863 269 1944 gentis,
292 1864 498 1928 monachum
514 1864 570 1927 vel
586 1863 757 1940 clericum,
778 1864 822 1926 ad
845 1863 997 1946 aliquam
1014 1863 1091 1946 dig-

143 1963 288 2027 nitatem
316 1965 435 2028 conari
456 1970 654 2046 pateretur:
683 1984 705 2026 a
721 1962 891 2027 Cnutonis
917 1964 1091 2045 quondam

144 2062 236 2144 regis
267 2063 435 2128 facilitate
463 2064 659 2127 immaniter
682 2063 882 2141 abhorrens,
905 2064 964 2146 qui
990 2065 1091 2128 victis

142 2163 290 2227 honores
313 2165 467 2246 integros
490 2164 667 2242 exhibuit3
692 2165 783 2227 unde
805 2164 935 2228 factum
955 2171 1020 2241 est,
1040 2171 1091 2241 ut,

143 2282 184 2326 eo
206 2262 381 2341 defuncto,
413 2264 584 2346 indigenae
614 2264 766 2328 advenas
790 2265 914 2328 leviter
937 2265 1091 2347 expelle·

143 2371 232 2440 rent,
249 2363 383 2447 sibique
399 2365 580 2445 antiquum
597 2365 657 2448 jus
673 2364 907 2429 vendicarent.
953 2363 1002 2428 At
1024 2366 1090 2429 iste
1105 2390 1160 2430 nn.
1171 2389 1226 2431 1070.

143 2464 247 2527 certis
272 2465 315 2527 de
340 2466 454 2528 causis
469 2465 625 2529 viventes
653 2464 820 2546 quosdam
845 2466 1010 2529 canonice
1032 2465 1091 2529 de·

143 2563 274 2645 posuit,
291 2572 325 2628 et
338 2566 374 2628 in
387 2565 501 2628 locum
514 2565 651 2628 illorum
661 2565 721 2647 qui
737 2566 953 2641 morirentur,
974 2565 1093 2650 cujus-

144 2683 281 2746 cunque
305 2665 419 2746 gentis
440 2660 678 2742 ²industrium,
703 2672 831 2747 praeter
846 2663 1091 2747 Angligenam,

144 2764 320 2847 imposuit.
371 2765 544 2847 Exigebat
560 2765 636 2843 hoc,
660 2764 727 2828 nisi
743 2766 856 2842 fallor,
872 2766 1034 2830 indurata
1056 2766 1092 2829 in

145 2884 261 2947 regem
285 2867 500 2947 pervicacia3
524 2885 601 2928 cum
618 2866 688 2929 sint
702 2865 897 2930 Normanni
916 2859 991 2952 (³ut
1011 2874 1091 2930 ante

145 2961 236 3049 dixi)
252 2964 288 3027 iu
306 2967 528 3030 conviventes
546 2967 697 3030 advenas
713 2967 863 3030 naturali
877 2967 1093 3049 benignitate

145 3065 325 3147 proclives.

198 3165 303 3248 §255
328 3164 514 3243 Radulfus,
529 3165 571 3228 de
596 3187 665 3248 quo
691 3168 786 3250 prius
804 3167 915 3249 tetigi,
933 3175 1008 3231 erat
1030 3188 1092 3250 per
1106 3189 1212 3256 napaqe

145 3264 272 3327 donum
285 3258 375 3347 regis
385 3285 499 3329 comes
510 3266 544 3329 N
547 3267 711 3330 orthfolki
722 3275 757 3331 et
770 3267 944 3331 suthfolki
956 3288 965 3346 ;
979 3261 1092 3332 ⁴Brito
1105 3241 1234 3380 ffiiffi.

146 3383 192 3428 ex
220 3373 331 3447 patre,
363 3366 501 3429 distorti
527 3366 569 3429 ad
602 3369 852 3430 omnebonum
881 3369 997 3432 animi.
1044 3368 1093 3445 Is,
1129 3367 1161 3380 ''
1225 3368 1230 3380 '

147 3465 239 3547 quoa
261 3474 445 3547 cognatam
472 3467 577 3547 regis,
610 3450 715 3529 filiain
745 3467 912 3532 willelmi
940 3469 1001 3531 fila
1029 3468 1096 3532 es.

183 3757 190 3787 ¹
207 3760 232 3808 u
251 3755 388 3828 uanum]
409 3759 620 3811 c.D.E.1..·=
666 3725 677 3758 ²
696 3730 870 3794 laetanea]
890 3733 919 3781 c·
940 3733 988 3793 Ea
1008 3733 1096 3784 indus-

147 3831 299 3894 pedumque,
317 3830 352 3880 A·
371 3831 537 3880 3⁸-Ednoth
553 3797 608 3880 wag
632 3800 707 3847 trium
719 3800 893 3862 hominemd.
906 3802 935 3852 S.
947 3804 982 3852 D.
994 3805 1025 3855 L.

148 3901 269 3949 Harold's
297 3905 391 3950 master
412 3901 441 3949 of
458 3901 501 3950 the
526 3902 608 3952 horse.
668 3867 884 3966 jurantem]
901 3872 982 3934 §m

148 3972 191 4020 ue
210 3986 265 4021 was
283 3971 364 4019 linea
383 3971 410 4019 in
428 3974 502 4032 roos,
520 3972 547 4019 in
565 3968 625 4033 op:
690 3941 765 3988 &5²⁰
784 3956 815 3990 ⁶³⁶
827 3944 919 4006 mire-l
936 3943 1022 4003 ΜΡ
1037 3959 1095 4006 vaer

148 4043 240 4104 posing
255 4041 298 4090 the
316 4055 374 4090 sons
385 4042 415 4090 of
426 4041 525 4090 Harold
537 4041 611 4090 when
635 4005 1096 4139 ξῶγῖξέἶῗαῒὲἓτῗζεῗέἑςέΐξᾶ

148 4112 211 4231 3131
219 4126 307 4231 ῗῗὲῐιιὲῃ
302 4127 370 4230 pipon
390 4113 455 4161 their
466 4112 611 4174 expedrtron
637 4147 707 4264 Ἠ.
721 4147 884 4282 ἰῧῗξζήοηζ.
909 4147 982 4214 (ὃῦ.
1002 4149 1097 4200 Οῂωῃ.
