2866 4868
189 450 258 498 arn.
278 435 327 516 v.]
419 450 532 498 onsrn
556 451 682 497 uncum
707 449 922 499 lucnoauu.
1073 431 1138 496 681

188 624 279 682 men,
295 605 325 668 si
341 612 435 669 recto
459 614 611 686 aguntur
621 606 768 691 judicio,
788 626 858 671 non
877 607 955 670 ideo
979 626 1034 670 me
1055 626 1136 670 cen-

188 704 281 769 sorio
305 713 507 786 expungent
536 706 649 788 styl03
674 727 740 788 ego
768 709 860 770 enim
884 727 1001 771 veram
1023 708 1135 789 legem

188 812 329 868 secutus
351 805 516 883 historiae,
531 806 617 869 nihil
640 826 792 889 unquam
818 808 919 889 posui
948 808 1014 870 nisi
1041 808 1133 889 quod

188 924 211 967 a
232 903 388 968 fidelibus
402 905 623 969 relatoribus
646 907 701 970 vel
724 907 948 987 scriptoribus
971 906 1132 971 addidici.

189 1003 312 1081 Porro,
337 1024 475 1087 quoquo
501 1005 602 1069 modo
625 1004 700 1068 haec
722 1024 759 1068 se
782 1004 942 1082 habeant,
970 1007 1133 1088 privatim

187 1104 264 1186 ipse
286 1103 370 1167 mihi
395 1104 459 1167 sub
482 1124 547 1187 ope
564 1104 694 1168 Christi
717 1106 885 1185 gratulor,
908 1105 1000 1186 quod
1022 1107 1133 1169 conti-

188 1223 294 1267 nuam
313 1201 506 1286 Anglorum
520 1203 700 1268 historiam
715 1204 944 1267 ordinaverim
967 1213 1046 1287 post
1063 1205 1132 1268 Be·

188 1303 267 1366 dam
295 1304 351 1368 vel
374 1302 469 1368 solus
489 1304 545 1368 vel
571 1304 723 1387 primus:
750 1297 795 1367 lsi
821 1305 899 1386 quis
923 1324 1017 1385 ergo,
1043 1304 1134 1369 sicut

181 1402 257 1486 jam
275 1403 447 1466 susurrari
458 1403 574 1481 audio,
588 1410 668 1485 post
683 1423 737 1466 me
754 1403 923 1467 scribendi
932 1397 991 1467 ²de
1006 1405 1133 1467 talibus

186 1521 311 1566 munus
328 1502 565 1579 attentaverit,
580 1502 662 1566 mihi
678 1502 802 1567 debeat
824 1503 1037 1567 collectionis
1055 1523 1134 1587 gra-

187 1603 284 1680 tiam,
298 1601 363 1666 sibi
379 1600 508 1666 habeat
523 1601 701 1666 electionis
718 1601 912 1667 materiam.

239 1897 347 1982 §bid
372 1899 463 1964 Haeo
479 1900 596 1980 habui,
618 1903 753 1966 domine
771 1902 977 1967 venerabilis
997 1901 1134 1978 Comes
1145 1918 1276 2009 mppr

188 1995 232 2060 dc
258 2000 366 2079 gestis
389 1998 583 2083 Anglorum
614 2022 692 2084 quae
715 2003 876 2080 dicerem,
908 2004 952 2066 ab
983 2002 1134 2065 adventu
1147 2019 1279 2059 sobonem

190 2114 308 2160 eorum
329 2099 366 2161 in
388 2097 556 2182 Angliam
580 2122 689 2184 usque
713 2103 749 2165 in
773 2121 901 2166 annum
918 2069 1275 2165 ³vicesimumiirf⁴¹⁰¹¹⁰‘⁸'

191 2204 352 2265 octavum
373 2197 561 2264 felicissimi
587 2203 685 2283 regni
708 2202 817 2284 patris
842 2203 971 2266 vestri:
1008 2208 1136 2265 caetera

190 2296 367 2378 proprium
383 2300 602 2382 occupabunt
619 2300 785 2379 libellum,
801 2302 831 2365 si
849 2303 1037 2383 benignum
1057 2301 1134 2364 istis

191 2414 261 2458 non
276 2399 487 2479 negaveritis
502 2400 647 2464 vultum.
700 2399 780 2465 Hoc
798 2408 913 2464 autem
933 2421 1020 2484 opus
1037 2408 1134 2482 post-

190 2514 294 2577 quam
310 2497 457 2574 absolvi,
485 2500 743 2582 circumspectis
767 2500 937 2582 plurimis,
952 2500 1052 2564 vohis
1073 2520 1133 2582 po

190 2593 361 2659 tissimum
386 2597 614 2680 delegandum
633 2598 771 2662 credidi.
824 2598 912 2663 Cum
934 2601 1025 2663 enim
1046 2599 1133 2662 alios

191 2694 382 2773 considero,
399 2697 436 2760 in
450 2718 521 2762 uno
538 2699 765 2777 nobilitatem,
780 2700 817 2763 in
831 2700 941 2764 altero
964 2699 1134 2775 militiam,

188 2793 225 2856 in
252 2793 322 2858 isto
342 2795 572 2876 literaturam,
598 2799 635 2861 in
655 2798 715 2862 illo
734 2799 920 2882 justitiam,
948 2800 984 2861 in
1014 2799 1135 2881 paucis

188 2894 461 2961 munificentiam
475 2899 634 2976 inveni03
657 2899 777 2980 itaque
793 2900 829 2961 in
853 2901 929 2963 aliis
952 2899 1081 2980 aliqua,
1100 2897 1135 2959 in

190 2993 337 3075 singulis
359 2996 509 3079 singula,
532 2998 568 3060 in
586 2996 684 3060 vobis
703 2998 854 3060 admiror
874 2999 1045 3061 universa.
1098 2996 1135 3059 Si

192 3093 270 3175 quis
293 3095 384 3158 enim
408 3115 561 3179 unquam
577 3095 643 3159 fuit
659 3097 794 3172 nobilis,
808 3116 872 3160 vos
886 3098 922 3159 in
939 3116 981 3160 ea
998 3115 1035 3159 re
1049 3115 1135 3177 prae·

191 3191 337 3273 cellitis3
360 3195 460 3279 cujus
483 3215 592 3276 genus
606 3196 970 3277 apraecellentissimis
997 3195 1137 3276 regibus

191 3298 228 3356 et
240 3293 421 3358 comitibus
437 3294 564 3358 lineam
579 3294 697 3372 trahit,
709 3296 844 3358 animus
859 3315 880 3358 a
893 3295 1045 3358 moribus
1060 3294 1137 3356 imi·

190 3391 358 3455 tationem
380 3393 554 3470 conducit,
607 3393 757 3459 Habetis
783 3414 867 3476 ergo
888 3393 1138 3458 aNormannis

189 3490 339 3555 bellandi
366 3494 538 3576 peritiam,
553 3487 593 3556 ⁴a
621 3493 891 3557 Flandrensihus
920 3492 1138 3556 liniamento-

228 3739 280 3793 ¹85
296 3744 351 3808 quis
436 3745 584 3808 nuteriam]
603 3745 655 3793 Mr.
715 3743 886 3795 ³Vr'cesimam
900 3738 1030 3810 octavum]
1058 3745 1088 3794 C.
1105 3745 1140 3793 D.

191 3812 288 3875 Sharpe
318 3821 436 3878 suggests
457 3815 512 3864 that
534 3816 655 3864 Malmes·
679 3816 712 3864 Ε.
726 3816 780 3875 Κ.;
795 3815 953 3877 vicesimum,
963 3813 997 3863 Α.
1009 3814 1038 3863 S.
1051 3811 1106 3863 112ss

194 3885 258 3944 bury
281 3883 341 3932 here
365 3885 487 3947 probably
510 3884 609 3933 allodes
629 3888 655 3932 to

194 3953 283 4013 Henry
290 3952 320 4002 of
328 3953 505 4016 Huntiugdon,
512 3955 570 4003 who
576 3958 655 4002 wrote
714 3950 753 4000 4Α
769 3951 981 4014 manducabas]
993 3951 1141 4001 lans.

193 4037 209 4070 a
222 4022 368 4083 Historyei
377 4024 493 4086 England
512 4024 607 4085 shortly
619 4022 656 4080 af·
682 4021 842 4072 [ιλ-ΑΒ.
856 4022 989 4083 originally
1013 4023 1094 4070 ended
1117 4023 1142 4068 in

193 4093 325 4141 terwards.
683 4091 725 4138 the
736 4090 829 4139 middle
840 4089 869 4138 of
883 4091 933 4138 this
944 4092 1031 4139 word:
1048 4092 1089 4139 the
1105 4105 1142 4138 re·

232 4157 292 4210 ²De
304 4161 414 4224 talibus]
426 4161 459 4210 Α.
473 4162 502 4211 S.
516 4164 546 4211 C.
559 4163 593 4212 D.
602 4164 625 4211 Ε
633 4165 657 4211 2.
684 4160 797 4210 mainder
811 4160 857 4208 has
875 4161 938 4207 been
955 4161 1071 4221 supplied
1083 4161 1115 4220 by
1128 4176 1144 4207 a

196 4231 268 4292 h2.;
284 4231 388 4283 omitted
399 4233 425 4279 in
438 4233 461 4280 Ε
472 4236 494 4281 l.
684 4230 758 4279 much
770 4244 837 4278 more
848 4230 951 4278 modern
963 4230 1038 4279 hand.
