2866 4868
312 389 403 464 ‚522
554 405 667 452 casm
693 404 1057 452 auouunueuoauu.
1134 389 1289 471 [oraru.

338 582 499 626 numeras
522 570 721 627 sanctorum
744 561 834 627 vitas
856 562 1045 627 recentium
1071 562 1164 647 stylo
1187 571 1292 626 extu-

338 665 379 728 lit
392 686 400 744 ;
415 671 570 727 veterum
586 664 642 728 vel
655 664 847 727 hostilitate
860 663 1019 740 amissas,
1028 662 1084 727 vel
1097 662 1293 727 informiter

340 765 463 841 editas,
479 764 649 846 comptius
665 764 857 827 renovavit.
893 763 1013 846 Hujus
1022 783 1160 845 quoque
1172 771 1292 828 trans·

340 865 481 928 lationis
496 864 618 927 seriem
638 864 689 927 ita
712 863 893 945 expolivit,
907 870 946 927 ut
963 882 1039 926 eam
1059 865 1292 946 praesentibus

339 971 551 1029 monstrasse
574 963 696 1044 digito,
714 963 976 1045 futurorumque
991 963 1151 1027 videatur
1171 964 1292 1048 subje-

341 1066 428 1128 cisse
455 1064 568 1128 oculo.
622 1063 722 1126 Felix
739 1063 860 1145 lingua
883 1083 960 1146 quae
986 1070 1040 1127 tot
1062 1064 1193 1128 sanctis
1216 1083 1291 1127 ser-

341 1165 454 1242 vierit,
484 1163 569 1227 felix
598 1171 720 1246 pectus
751 1164 844 1246 quod
872 1171 925 1228 tot
951 1163 1089 1227 vocales
1122 1164 1292 1228 melodias

342 1264 504 1341 emiserit,
528 1265 720 1346 praesertim
754 1283 831 1327 oum
864 1264 900 1326 in
929 1263 1005 1347 ejus
1027 1265 1292 1328 conversatione

341 1372 489 1428 certaret
511 1363 673 1427 honestas
700 1364 889 1429 doctrinae!
942 1363 1180 1427 Veruntamen
1209 1364 1292 1446 quia

342 1464 384 1526 de
399 1463 605 1546 quibusdam
621 1465 792 1548 episcopis
808 1483 932 1547 parum
947 1462 1123 1527 laudanda
1143 1463 1211 1527 huc
1233 1483 1293 1527 us·

343 1584 409 1646 que
431 1565 607 1641 contexui,
630 1564 766 1646 aliquos
789 1565 933 1627 alterius
958 1563 1051 1627 modi
1074 1563 1292 1646 disparisque

342 1665 437 1739 vitae,
451 1664 511 1727 sed
527 1672 847 1746 contemporaneos
857 1663 1072 1727 introducam
1087 1664 1291 1745 episcop0s;

342 1784 385 1827 ne
418 1765 468 1827 ita
495 1764 654 1827 videatur
686 1772 842 1830 nostrum
875 1763 1094 1846 obtorpuisse
1124 1763 1291 1841 seculum,

342 1864 435 1946 quod
451 1883 521 1926 non
536 1864 685 1945 aliquem
702 1864 871 1946 producat
892 1870 1063 1927 sanctum.
1116 1863 1183 1928 Sed
1201 1864 1292 1927 hanc

342 1965 561 2045 sponsionem
587 1965 745 2046 sequenti
773 1964 874 2041 libro,
900 1971 980 2046 post
1004 1972 1167 2028 enarrata
1191 1971 1293 2046 gesta

342 2063 488 2128 Henrici
502 2062 606 2145 regis,
620 2065 675 2126 cui
691 2064 860 2146 placuerit
876 2064 1085 2146 experietur.

379 2253 540 2312 Quanam
566 2254 753 2302 eumanum
776 2252 1026 2302 unanimorum
1049 2252 1263 2313 suouuuuls.

180 2374 321 2424 Theexredi·
394 2362 502 2445 §ala
528 2363 633 2426 Nunc
650 2364 716 2428 iter
729 2363 1056 2445 lerosolymitanum
1078 2362 1209 2444 scripto
1230 2380 1293 2424 ex-

180 2426 330 2515 ἷὲῗῗπξοω
344 2462 491 2544 pediam‚
512 2463 656 2527 aliorum
672 2465 749 2528 visa
770 2471 806 2526 et
833 2482 936 2527 sensa
959 2464 1045 2527 meis
1068 2462 1183 2526 verbis
1207 2460 1294 2525 alle·

92 2557 95 2562 ’
343 2581 442 2643 gana.
493 2556 672 2640 ¹Proinde,
700 2563 791 2626 sicut
810 2580 848 2625 se
878 2563 1015 2627 occasio
1037 2562 1232 2644 ingesserit,
1250 2561 1294 2625 de

344 2664 413 2726 situ
431 2671 466 2727 et
482 2663 613 2727 divitiis
632 2662 995 2745 constantinopoleos,
1007 2661 1216 2738 Antiochiae,
1235 2660 1294 2724 Ie·

345 2764 506 2841 rusalem,
516 2783 558 2827 ex
575 2764 713 2845 scriptis
727 2763 897 2846 majorum
912 2762 1080 2826 deflorata
1090 2763 1293 2841 subtexam3

345 2870 384 2926 ut
418 2865 477 2946 qui
508 2882 550 2927 ea
582 2864 731 2944 ignorat,
762 2871 797 2927 et
825 2863 900 2927 haec
926 2863 1014 2927 forte
1045 2862 1228 2938 invenerit,
1256 2862 1294 2924 in

345 2971 507 3046 promptu
522 2963 649 3026 habeat
664 2982 742 3045 quae
759 2963 836 3026 aliis
853 2961 1094 3045 cognoscenda
1115 2961 1190 3044 ipse
1212 2980 1293 3043 pro·

345 3071 475 3145 ponat:
498 3063 559 3126 sed
585 3063 629 3126 ad
656 3062 730 3127 haec
753 3063 947 3127 enarranda
969 3062 1177 3126 ferventiore
1204 3079 1295 3143 opus

346 3171 399 3226 est
422 3163 558 3245 spiritu,
590 3170 629 3226 ut
656 3182 888 3228 consummem
916 3161 1100 3227 efficaciter
1124 3161 1216 3244 quod
1238 3161 1293 3224 in-

346 3263 435 3344 cipio
458 3271 529 3326 tam
547 3263 712 3327 hilariter.
765 3262 953 3345 Appellato
966 3264 1075 3345 igitur
1089 3255 1143 3324 ²in
1166 3259 1295 3324 auxili·

346 3382 416 3438 um,
431 3369 470 3426 ut
487 3383 560 3426 mos
584 3371 648 3439 est,
665 3363 872 3439 Divinitate,
890 3363 960 3427 tale
977 3362 1178 3443 aucupabor
1191 3380 1296 3424 exor-

345 3463 447 3525 diurn.

389 3652 436 3698 DE
460 3652 610 3700 lTlNERE
633 3652 939 3701 GHRIS'I'IANORUM
964 3654 1003 3700 IN
1027 3653 1250 3703 lERUSALEM.

184 3763 333 3862 &232⁵th
396 3759 413 3842 ᾗ
427 3759 504 3823 344.
522 3759 625 3824 Anno
644 3763 688 3825 ab
702 3762 942 3826 incarnatione
955 3761 1097 3825 Domini
1112 3761 1296 3828 millesimo

180 3864 331 3906 fleternam
347 3860 572 3940 nonagesimo
587 3862 721 3942 quinto,
739 3881 831 3945 papa
848 3862 1013 3925 Urbanus
1036 3862 1220 3941 secunduS,
1236 3864 1297 3946 qui

380 4126 387 4157 ¹
400 4128 528 4192 Proinde]
540 4127 573 4178 A.
584 4129 613 4178 C.
622 4129 656 4179 D.
666 4130 697 4179 Ε.
709 4142 716 4186 ;
726 4129 805 4179 Porro
866 4128 919 4179 ²la
941 4131 1085 4196 auxitan]
1108 4131 1141 4183 A.
1155 4133 1189 4183 D.
1202 4135 1235 4183 E.
1245 4134 1296 4196 L.;

342 4198 411 4260 inde,
422 4198 451 4248 S.
463 4199 493 4248 L.
831 4201 935 4250 omitted
946 4203 973 4250 in
985 4203 1014 4253 S.
1028 4205 1057 4253 0.
