2866 4868
360 410 426 477 762
649 426 823 476 nrsroum
846 425 1024 476 novrum.
1059 405 1063 410 ’
1153 411 1243 494 [nm.
1258 427 1312 478 111.

200 602 334 654 mutulae
363 586 497 652 ‘Sciret
519 585 678 652 dominus
698 584 909 668 apostolicus
934 602 994 648 eos
1009 586 1053 648 ob
1070 584 1163 667 regis
1189 585 1314 650 libera-

200 656 246 695 tion
255 655 278 694 ci
284 654 321 693 the

201 705 346 746 w1ore10u·
365 689 492 752 tionem
532 694 567 751 et
598 686 698 768 regni
731 704 852 769 pacem
882 685 947 749 hoc
982 704 1020 748 se
1055 692 1159 768 pacto
1194 686 1314 750 comiti

201 754 343 846 menon·
365 789 582 863 astrinxisse,
605 786 710 871 quod,
733 786 764 850 si
789 805 867 850 eum
890 805 953 850 rex
979 793 1060 868 post
1081 805 1182 849 suam
1203 785 1314 869 ipsius

365 889 602 954 liberationem
619 888 765 951 liberare
782 884 1029 963 dissimularet,
1040 886 1108 969 ipsi
1124 887 1218 951 ultro
1229 906 1268 951 se
1278 886 1315 950 in

367 990 560 1072 captionem
575 988 684 1070 ipsius
695 987 930 1051 immitterent.
970 985 1206 1070 Quapropter,
1222 987 1254 1051 si
1270 986 1315 1050 ad

366 1090 432 1155 hoc
454 1088 677 1153 infortunium
700 1094 903 1169 perventum
926 1087 1028 1165 foret,
1043 1087 1171 1152 obnixe
1191 1107 1317 1170 rogare

367 1190 478 1278 (quod
490 1188 689 1273 apostolicae
706 1187 931 1251 humanitatis
944 1195 1036 1252 esset
1046 1194 1171 1269 sponte
1185 1184 1317 1274 facere)

368 1298 407 1355 ut
423 1297 457 1354 et
471 1309 530 1353 eos
548 1289 607 1373 qui
621 1288 829 1370 suffraganei
846 1287 955 1370 ipsius
977 1295 1087 1365 eraut,
1107 1294 1142 1352 et
1155 1289 1317 1353 comitem

369 1391 509 1476 pariter,
526 1390 569 1452 ab
583 1388 744 1451 indebitis
755 1388 902 1451 nexibus
918 1395 1062 1452 exueret
1072 1388 1093 1468 3'
1111 1396 1146 1452 et
1155 1389 1316 1472 quaedam

368 1492 465 1555 talia.

421 1591 439 1675 ᾗ
455 1590 509 1654 64.
526 1589 615 1653 Haec
631 1587 762 1671 scripta
779 1588 955 1652 Robertus
972 1589 1016 1652 ab
1030 1589 1186 1671 utrisque
1204 1589 1318 1673 ponti-

370 1692 491 1755 ficibus
507 1699 646 1771 recepta
663 1696 738 1754 tuto
753 1690 829 1753 loco
847 1689 1026 1772 deposuit;
1050 1697 1086 1753 et
1100 1690 1317 1754 wintoniam

371 1813 448 1878 cum
465 1790 605 1868 eisdem,
623 1790 793 1872 simulque
807 1808 936 1871 magna
949 1782 1117 1854 baronum
1135 1791 1248 1874 copia,
1258 1809 1317 1855 ve·

371 1893 432 1958 nit.
485 1891 566 1955 Rex
594 1909 743 1974 quoque,
769 1896 809 1953 ut
834 1890 870 1953 in
891 1891 1076 1973 praeteritis
1099 1890 1230 1954 dictum
1252 1897 1318 1969 est,

372 2013 441 2058 non
470 1993 579 2055 multo
602 1998 682 2074 post
704 1989 824 2055 eodem
840 1990 995 2068 veniens,
1016 1990 1186 2055 familiare
1211 1991 1318 2055 collo·

372 2094 491 2176 quium
519 2112 596 2154 cum
619 2092 743 2155 comite
765 2090 1051 2154 communicavit:
1075 2092 1136 2156 sed
1159 2091 1318 2175 quamvis

372 2201 408 2257 et
423 2194 498 2276 ipse
513 2212 587 2270 rex,
603 2199 638 2256 et
653 2192 769 2256 cuncti
785 2191 958 2274 principes
972 2191 1032 2275 qui
1048 2191 1205 2271 aderant,
1222 2211 1320 2275 mag·

373 2313 417 2358 no
442 2294 566 2357 annisu
591 2299 790 2374 satagerent
813 2293 973 2357 comitem
994 2292 1031 2356 in
1053 2311 1118 2356 sua
1142 2300 1227 2359 vota
1248 2301 1320 2358 tra-

374 2394 510 2470 ducere,
525 2394 594 2471 ille,
612 2393 709 2457 velut
724 2393 839 2476 pelagi
861 2412 964 2476 rupes
980 2393 1125 2458 immota
1142 2394 1319 2474 resistens,

374 2512 492 2557 omnes
515 2513 633 2557 eorum
655 2499 800 2557 conatus
817 2493 873 2557 vel
895 2494 1011 2557 irritos
1027 2493 1120 2572 fecit,
1134 2495 1191 2558 vel
1212 2496 1320 2560 ratio·

374 2593 535 2679 nobiliter
548 2593 777 2675 compescuit:
798 2592 902 2658 ‘Non
916 2611 991 2657 esse
1004 2594 1173 2673 rationis'
1189 2596 1321 2674 dicens,

375 2692 458 2756 ‘sed
476 2712 538 2757 nec
555 2692 792 2771 humanitatis,
804 2699 845 2756 ut
857 2712 1009 2758 sororem
1026 2714 1126 2759 suam
1136 2694 1321 2775 desereret,

375 2793 474 2876 cujus
491 2800 608 2876 partes
619 2793 715 2877 juste
732 2793 962 2858 defendendas
986 2796 1217 2879 suscepisset:
1244 2797 1322 2862 nul-

374 2892 441 2957 lius
465 2895 635 2958 commodi
659 2913 777 2972 causa,
806 2913 869 2957 nec
897 2901 970 2958 tam
996 2897 1088 2977 regis
1112 2896 1192 2976 odio
1215 2916 1321 2981 quam

376 2994 584 3059 sacramenti
605 2995 659 3058 sui
679 3001 849 3078 respectu,
866 2995 958 3077 quod
973 2996 1103 3060 violare
1126 2997 1223 3062 nefas
1245 3017 1322 3062 csse

376 3097 443 3178 ipsi
462 3115 600 3180 quoque
625 3095 789 3159 deberent
810 3095 999 3174 attendere,
1026 3098 1219 3180 praesertim
1243 3118 1322 3163 cum

379 3198 422 3259 ab
447 3196 638 3278 apostolico
663 3195 729 3259 sibi
752 3194 954 3259 mandatum
976 3198 1188 3263 meminisset
1203 3206 1245 3264 ut
1264 3218 1323 3264 sa·

379 3303 554 3359 cramento
582 3296 674 3379 quod
699 3297 820 3373 sorori,
851 3304 1022 3379 praesente
1048 3304 1160 3381 patre,
1181 3298 1324 3378 fecerat,

379 3394 607 3459 obedientiam
641 3396 840 3460 exhiberet!
908 3395 967 3460 Ita
998 3397 1126 3462 infecta
1154 3417 1240 3482 pace
1279 3401 1324 3465 ab

378 3496 534 3578 utrisque
550 3495 750 3560 discessum.

217 3598 366 3640 renunes
424 3595 508 3679 §65.
535 3595 623 3660 Haec
647 3597 724 3660 ideo
742 3591 808 3661 ¹sic
830 3597 867 3659 in
894 3598 1081 3680 superioris
1107 3601 1189 3664 anni
1215 3600 1325 3684 gestis

217 3661 303 3690 reasons
312 3651 343 3690 sor

217 3703 254 3740 not
263 3701 358 3750 :neone
379 3716 449 3760 non
473 3698 630 3780 apposui,
652 3699 735 3780 quia
754 3697 842 3761 clam
868 3699 1080 3763 conscientia
1100 3718 1179 3764 mea
1204 3708 1324 3766 erant:

217 3752 287 3801 rating
295 3763 338 3790 cer·

217 3801 346 3891 ffiffim
379 3816 514 3879 semper
528 3797 655 3880 quippe
671 3798 804 3863 horrori
821 3797 927 3862 habui
944 3799 1074 3882 aliquid
1097 3800 1141 3863 ad
1166 3808 1326 3883 posteros

217 3903 358 3991 gittsstssss‘iffl
379 3898 681 3981 transmittendum
701 3898 792 3981 stylo
810 3899 1033 3977 committere,
1049 3900 1141 3983 quod
1158 3903 1326 3966 nescirem

217 4011 263 4041 mer
271 4013 327 4053 year.

619 4231 626 4263 ¹
640 4229 707 4302 Sia]
727 4235 758 4283 Ε.
770 4251 777 4296 ;
794 4236 899 4284 omitted
909 4237 935 4285 in
948 4238 976 4287 S.
989 4238 1024 4288 D.
1037 4238 1090 4289 La.
