2866 4868
346 423 412 488 626
560 439 674 488 casm
697 437 826 487 necuu
849 434 1063 484 succorum
1160 416 1248 500 [nir.
1264 434 1299 479 v.

348 595 459 677 copia.
512 593 646 678 Captus
670 602 723 660 est
749 595 798 658 ibi
823 613 938 659 comes
959 591 1149 669 Moretolii‚
1171 591 1231 675 qui
1253 611 1297 656 eo

346 700 491 760 venerat
513 695 705 760 studiosam
732 695 786 758 sui
819 713 959 777 operam
981 693 1166 776 oppidanis
1194 690 1296 774 polli-

347 794 450 871 citus,
466 795 568 859 simul
594 805 629 860 et
651 795 796 879 injurias
819 813 900 858 suas
927 794 1037 857 ultum
1063 794 1106 856 iri
1131 811 1296 874 sperans3

347 895 409 957 sed
441 893 499 980 (ut
520 892 611 978 dixi)
636 889 810 977 lprensus,
839 894 1011 977 squaloris
1040 893 1190 958 carcerei
1221 899 1298 956 tota

348 994 422 1058 vita
436 994 629 1059 accolatum
645 995 798 1077 accepit:
821 993 1009 1059 vivacitate
1032 993 1157 1057 mentis
1172 999 1207 1056 et
1222 993 1296 1055 ala·

348 1094 472 1158 oritate
491 1094 687 1178 juventutis
717 1093 874 1158 nonnihil
905 1093 1111 1170 laudandus,
1140 1092 1201 1156 sed
1232 1111 1297 1174 pro

348 1192 494 1275 perfidia
518 1195 621 1258 finem
646 1214 806 1278 asperum
831 1193 1004 1257 emeritus.
1056 1193 1104 1257 Et
1119 1199 1202 1257 tunc
1219 1192 1297 1275 qui-

349 1292 426 1357 dem
454 1294 685 1359 Belesmensis
711 1295 749 1357 in
771 1294 848 1376 ipso
864 1287 964 1357 ²belli
983 1293 1127 1357 exordio
1150 1299 1298 1379 mortem

349 1393 443 1456 cavit
466 1393 614 1475 effugi03
637 1394 698 1457 sed
724 1393 805 1458 dum
830 1393 1049 1477 postmodum
1072 1391 1299 1483 clandestinis

348 1491 557 1557 factionibus
569 1513 685 1575 regom
700 1493 882 1570 irritasset,
895 1500 930 1557 et
941 1486 1033 1576 ³ipsc
1048 1499 1171 1575 captus
1194 1499 1299 1556 caete-

348 1611 465 1656 rorum
478 1593 655 1657 involutus
669 1600 724 1657 est
731 1595 896 1677 periculo,
911 1593 957 1656 ad
971 1599 1117 1656 mortem
1129 1598 1298 1675 perpetuo

348 1690 503 1756 inclusus
536 1692 722 1775 ergastulo.
775 1693 842 1758 Vir
868 1712 932 1776 pro
957 1693 1195 1774 incompositis
1223 1710 1298 1755 mo-

349 1791 443 1855 ribus
472 1785 734 1869 *intolerabilis
765 1800 801 1857 et
831 1792 868 1856 in
900 1793 1047 1856 aliomm
1079 1791 1207 1855 delicta
1240 1793 1296 1855 in·

350 1891 557 1973 exorabilis;
591 1898 762 1976 praeterea
787 1893 924 1957 saevitia
949 1890 1124 1969 notabilis,
1152 1911 1229 1954 cum
1261 1890 1299 1954 in

349 1990 426 2054 aliis
449 1998 523 2054 tum
546 1993 582 2057 in
605 1992 682 2069 hoo,
709 1993 802 2076 quod
834 1991 1017 2075 puerulum
1050 2011 1095 2056 ex
1122 1992 1297 2073 baptismo

348 2090 502 2168 filiolum,
527 2111 630 2174 quem
648 2092 685 2155 in
711 2092 905 2157 obsidatum
928 2097 1121 2175 acceperat,
1140 2111 1203 2173 pro
1226 2111 1300 2156 mo-

349 2190 426 2254 dico
462 2191 589 2256 delicto
624 2193 733 2274 patris
769 2192 967 2267 excaecarit,
1002 2192 1134 2255 lumina
1172 2190 1298 2255 miselli

349 2289 522 2371 unguibus
551 2292 709 2355 nefandis
739 2293 967 2374 abrumpens:
1004 2290 1232 2356 simulationis
1265 2299 1300 2355 et

349 2390 566 2470 argutiarum
593 2390 728 2474 plenus,
754 2392 878 2456 frontis
901 2409 1023 2455 screno
1045 2397 1081 2455 et
1102 2410 1300 2454 sermonum

350 2488 555 2555 affabilitate
577 2491 734 2556 credulos
749 2491 934 2573 decipiens,
950 2510 1077 2572 gnaros
1093 2496 1210 2555 autem
1224 2509 1300 2555 ma-

349 2587 434 2652 litiae
460 2591 680 2667 exterritans,
706 2598 745 2656 ut
766 2591 899 2655 nullum
925 2596 1016 2654 esset
1036 2590 1149 2674 majus
1171 2589 1299 2654 futurae

350 2688 558 2754 calamitatis
579 2690 744 2755 indicium
759 2710 863 2774 quam
886 2697 1069 2774 praetensae
1084 2689 1301 2755 affabilitatis

351 2788 534 2871 eloquium.

404 2887 514 2971 §399.
539 2889 597 2953 Ita
612 2909 675 2953 rex
697 2889 824 2968 claruS,
847 2890 1063 2954 successibus
1085 2906 1207 2967 ovans,
1221 2902 1302 2973 reg·

352 3007 435 3052 num
450 3009 628 3071 regressus
651 2997 726 3070 est3
752 2991 945 3073 composita
967 3009 1052 3072 pace
1073 2990 1110 3052 in
1126 2988 1302 3054 Norman·

354 3089 423 3165 nia,
440 3089 577 3172 qualem
595 3090 692 3154 nulla
707 3095 792 3153 aetas
812 3090 980 3167 meminit,
995 3089 1133 3172 qualem
1149 3108 1212 3153 noc
1227 3090 1303 3173 ipse

354 3196 463 3269 pater,
481 3208 608 3270 magno
622 3190 684 3254 illo
708 3200 822 3253 rerum
843 3198 884 3254 et
897 3189 1080 3254 verborum
1096 3183 1219 3267 ⁵fastu‚
1237 3183 1303 3253 un·

354 3307 458 3369 quam
485 3288 617 3352 efficere
638 3290 765 3372 potuit.
818 3289 862 3353 In
888 3289 1023 3354 caeteris
1041 3284 1180 3373 quoque
1204 3289 1305 3371 geni·

354 3388 439 3451 toris
466 3388 622 3466 aemulus,
655 3389 796 3471 rapinas
820 3390 1014 3466 curialium,
1038 3389 1144 3467 furta,
1167 3395 1303 3473 stupra,

389 3665 540 3734 ¹Prensus.]
557 3670 591 3721 A.
603 3673 636 3721 E.
644 3671 691 3733 1..;
703 3687 817 3735 pressus,
841 3673 937 3722 France
954 3676 981 3721 to
999 3676 1065 3722 treet
1081 3673 1110 3722 of
1128 3687 1216 3734 peace.
1253 3675 1306 3724 Ro-

353 3737 383 3786 S.
397 3739 427 3787 C.
439 3739 474 3788 D.
840 3743 896 3791 bert
914 3756 969 3791 was
986 3743 1013 3791 in
1031 3743 1074 3791 the
1093 3742 1224 3806 following
1242 3759 1306 3805 year

368 3849 372 3854 .
388 3803 500 3873 2Βεῑῑὶ.]
512 3808 545 3860 Α.
556 3812 585 3861 G.
595 3811 630 3861 D.
640 3812 673 3861 Ε.
685 3812 717 3862 L.
725 3826 733 3873 3
745 3813 817 3861 omit·
840 3816 896 3861 sent
914 3826 974 3862 over
990 3818 1016 3861 to
1036 3813 1164 3876 England,
1179 3814 1230 3862 aud
1246 3829 1306 3863 con·

353 3876 397 3925 ted
407 3878 433 3926 in
445 3878 474 3928 S.
840 3882 907 3930 fined
928 3882 955 3930 in
976 3882 1112 3932 Wareham
1137 3884 1216 3933 castle
1238 3885 1306 3934 until

388 3943 400 3977 ⁸
421 3949 478 4010 Ipse
499 3955 584 4013 coptus
671 3951 815 4015 ergastula]
840 3952 881 4002 his
892 3951 976 4002 death.

354 4016 449 4065 Robert
471 4018 503 4067 de
521 4020 638 4070 Belesme
657 4037 712 4072 was
731 4021 817 4071 seized
875 4020 1307 4086 ⁴Int01embuis.]l.s1..;omit·

354 4087 388 4147 by
400 4087 473 4135 order·
483 4088 512 4137 of
524 4090 593 4152 King
605 4092 695 4153 Henry
705 4093 817 4153 inula,
840 4092 883 4142 ted
894 4092 920 4141 in
935 4094 964 4142 G.
976 4093 1012 4142 D.
1024 4092 1058 4142 E.

354 4156 449 4219 having
455 4172 524 4207 come
534 4164 560 4207 to
570 4159 622 4208 him
633 4161 659 4210 in
668 4160 816 4222 Normandy
876 4160 886 4191 ⁵
898 4158 1001 4232 Festa]
1013 4163 1042 4212 S.
1056 4164 1086 4212 C.
1095 4164 1131 4213 D.
1141 4165 1190 4226 E.;
1202 4162 1305 4226 roncho,

354 4241 384 4277 as
400 4228 563 4279 ambassador
573 4229 636 4280 from
653 4231 695 4281 the
712 4231 774 4293 king
790 4230 819 4280 of
840 4232 875 4282 Δ.
887 4233 918 4282 L.
