2866 4868
189 417 260 464 me.
276 399 349 481 111.]
478 414 652 465 nrsroarn
674 414 852 465 novumn.
1071 401 1136 467 747

186 572 480 656 incomparabilis,
502 574 539 637 in
555 571 696 654 Angliae
712 571 1007 655 Normanniaeque
1029 571 1137 635 domi-

188 693 269 739 nam
295 673 466 754 eligimus,
493 680 529 737 et
553 674 584 737 ei
608 672 710 736 fidem
737 678 773 736 et
798 679 1136 737 manutenementum

189 773 448 857 promittimus!

293 963 467 1023 QUOMODO
491 963 764 1013 LONDONIENSES
788 964 827 1012 ΙΝ
851 964 1031 1012 CONOILIO.

240 1069 258 1153 ξ
281 1071 336 1135 45.
361 1069 517 1155 Cumque
543 1090 661 1136 omnes
688 1078 878 1154 praesentes
903 1071 960 1136 vel
982 1071 1280 1186 mdesteffiffim

189 1170 440 1235 acclamassent
457 1172 650 1249 sententiae,
665 1171 722 1236 vel
739 1171 881 1235 silentes
903 1191 972 1236 non
995 1177 1133 1235 contra·
1146 1198 1297 1237 monerem

183 1270 372 1359 dixissent,
396 1270 544 1355 subjecit
560 1266 734 1354 ¹legatus:
759 1271 1040 1335 ‘Londonienses
1057 1270 1135 1357 (qui
1145 1247 1234 1287 ⁰⁰¹¹¹¹⁰¹¹'

188 1376 270 1433 sunt
283 1371 383 1452 quasi
403 1372 600 1454 optimates,
622 1390 686 1452 pro
710 1371 947 1453 magnitudine
971 1372 1134 1450 civitatis,

187 1471 225 1533 in
250 1467 399 1555 Anglia)
416 1470 552 1534 nunciis
575 1471 703 1534 nostris
729 1472 964 1548 convenimus,
989 1478 1025 1535 et
1051 1491 1133 1536 con-

187 1569 330 1633 ductum
347 1576 388 1633 ut
408 1578 485 1634 tuto
499 1571 642 1636 veniant
662 1570 828 1648 misimus,
848 1590 976 1653 eosque
997 1570 1133 1636 confido

186 1688 257 1733 non
271 1668 364 1733 ultra
386 1669 476 1736 hunc
491 1670 581 1734 diem
605 1679 821 1736 moraturos:
845 1672 936 1734 bona
949 1672 1053 1736 venia
1073 1690 1133 1734 us·

186 1787 345 1852 quaeras
362 1770 619 1835 sustineamus!

237 1867 255 1951 §
270 1867 325 1932 46.
351 1868 453 1933 Faria
468 1877 594 1952 quarta
609 1877 778 1934 venerunt
792 1869 1061 1947 LondonienseS,
1085 1876 1131 1948 et,
1144 1897 1287 1946 mayenne

186 1967 224 2031 in
251 1968 434 2032 concilium
458 1969 659 2047 introducti,
689 1989 829 2035 causam
857 1989 956 2034 suam
989 1978 1132 2035 eatenus
1144 1949 1204 1999 *pm
1212 1951 1231 1989 ⁹·

186 2075 333 2150 egerunt
361 2076 401 2132 ut
423 2069 587 2147 dicerent,
619 2069 744 2134 missos
775 2090 813 2134 se
841 2089 863 2134 a
894 2071 1132 2134 communione

188 2187 293 2250 quam
317 2175 445 2233 vocant
469 2169 738 2247 Londoniarum,
764 2189 833 2233 non
860 2171 1049 2235 certamina
1071 2169 1132 2234 sed

187 2287 306 2351 preces
333 2259 484 2345 ²0fferre,
516 2275 556 2334 ut
582 2268 740 2333 dominus
766 2289 851 2333 suus
884 2289 948 2333 rex
977 2268 1020 2333 de
1050 2288 1132 2352 cap·

188 2367 282 2431 tione
308 2367 523 2434 liberaretur.
584 2368 664 2433 Hoc
687 2388 806 2434 omnes
829 2370 988 2446 barones,
1013 2369 1132 2452 quiin

186 2486 304 2531 eorum
320 2468 593 2532 communionem
604 2468 808 2553 jamdudum
831 2470 962 2552 recepti
981 2467 1131 2547 fuerant,

187 2585 403 2650 summopere
424 2567 583 2648 flagitare
606 2588 628 2632 a
649 2569 787 2633 domino
803 2569 933 2650 legato,
952 2575 987 2633 et
1009 2571 1053 2633 ab
1076 2589 1131 2634 ar-

187 2666 417 2750 chiepiscopo,
432 2668 604 2750 simulque
622 2668 666 2731 ab
688 2669 781 2732 omni
798 2669 890 2733 clero
904 2671 963 2752 qui
979 2689 1131 2752 praesens

186 2773 270 2831 erat.
334 2765 555 2848 Responsum
578 2768 702 2832 osteis
729 2767 892 2850 alegate
918 2771 1066 2833 ubertim
1097 2776 1133 2833 et

187 2865 385 2948 splendide;
409 2872 456 2943 et,
481 2867 687 2949 quominus
711 2867 809 2931 fieret
831 2867 923 2950 q'uod
949 2869 1132 2950 rogabant,

186 2967 307 3030 eadem
323 2966 435 3030 oratio
449 2985 528 3048 quae
542 2966 652 3050 pridie
668 2966 799 3032 habita.
831 2966 1017 3051 Adjectum
1032 2968 1132 3050 quin·

188 3067 304 3144 etiam,
321 3065 426 3129 ‘Non
445 3066 566 3131 decere
588 3074 628 3130 ut
643 3066 915 3144 Londonienses‚
930 3067 990 3150 qui
1008 3067 1132 3148 praeci·

187 3167 248 3249 pui
263 3165 477 3230 habebantur
497 3166 534 3228 in
548 3164 680 3247 Anglia
701 3165 792 3230 sicut
806 3185 977 3248 proceres,
993 3166 1132 3230 illorum

185 3272 302 3348 partes
324 3264 481 3330 foverent
496 3266 556 3346 qui
571 3265 747 3330 dominum
764 3283 865 3328 suum
886 3267 923 3328 in
947 3265 1037 3330 bello
1053 3265 1133 3331 reli·

187 3372 347 3449 querant,
373 3384 519 3448 quorum
545 3364 688 3429 consilio
720 3364 811 3428 idem
841 3371 998 3429 sanctam
1023 3365 1131 3429 eccle·

186 3466 274 3529 siam
297 3464 585 3543 exhonoraverat,
601 3465 662 3547 qui
686 3472 861 3546 postremo
879 3484 949 3529 non
968 3467 1012 3530 ob
1037 3463 1131 3528 aliud

186 3565 270 3647 ipsis
297 3564 596 3630 Londoniensibus
624 3563 742 3628 favere
764 3565 970 3629 videbantur
998 3565 1066 3628 uisi
1093 3571 1133 3628 ut

185 3683 245 3730 eos
260 3665 417 3747 pecuniis
432 3663 679 3745 emungerent-⁹

187 4003 393 4126 stipam]
423 4005 472 4066 E.;
496 4003 598 4054 omitted
622 4005 648 4054 in
672 4000 850 4125 LZOfferre]
869 4005 919 4066 E.;
942 4005 1041 4068 afferre,
1057 4005 1086 4055 S.
1099 4006 1134 4055 D.
