2866 4868
136 414 275 497 mnu]
367 430 481 481 cnara
504 432 631 482 nueuu
655 431 867 480 suenorum.
1020 417 1084 483 661
1154 388 1158 395 ’

134 607 306 653 cameram
322 608 400 672 quae
423 596 476 654 ost
494 597 574 653 ante
597 588 847 654 confessionem
865 591 977 654 sancti
993 589 1081 655 Gre-
1093 607 1217 709 ἓῐοὲιέειὲἓξ

133 688 235 770 gorii,
258 696 298 753 ut
318 690 367 753 ibi
389 688 576 772 deponeret
598 688 809 772 apostolicus
833 709 898 753 sua
922 693 1081 756 sacerdo·
1094 710 1227 751 vaenue

134 789 232 866 talia,
248 790 437 872 imperator
451 796 566 853 autem
591 808 655 852 sua
677 789 819 870 regalia.
874 790 1080 873 Imperatori
1093 760 1209 810 mm

133 895 249 953 autem
263 888 405 953 exeunti
417 889 459 952 de
474 908 621 965 camera,
637 896 673 952 et
687 890 759 952 suis
772 889 945 971 regalibus
960 898 1079 970 exuto,

107 995 356 1053 'occurrerunt
378 988 529 1053 Romani
552 988 690 1071 patricii
712 1008 789 1052 cum
812 1008 916 1054 aureo
939 991 1079 1070 circulo,

132 1104 234 1170 quem
261 1088 499 1171 imposuerunt
523 1089 723 1171 imperatori
750 1089 934 1171 incapite,
961 1099 996 1155 et
1017 1112 1079 1174 per

131 1206 210 1251 eum
226 1187 394 1252 dederunt
409 1188 474 1252 sibi
488 1207 657 1251 summum
672 1188 892 1270 patriciatum
908 1189 1077 1256 Romanae

132 1288 240 1366 urbis,
274 1288 446 1352 communi
480 1307 651 1352 consensu
686 1289 839 1352 omnium
877 1296 912 1352 et
946 1291 1077 1356 volenti

131 1387 258 1453 animo.

182 1487 200 1571 ᾧ
215 1488 292 1553 426.
316 1488 462 1553 Omnem
476 1488 565 1552 hanc
582 1488 804 1558 ambitionem
818 1490 1076 1572 privilegiorum

130 1595 167 1652 et
180 1590 461 1667 consecrationis,
475 1589 582 1654 verbo
597 1587 790 1671 descriptis
807 1590 945 1672 praefati
960 1590 1077 1655 David

129 1689 306 1767 transtuli,
317 1708 396 1771 quae
412 1690 470 1753 ille
484 1687 542 1776 (ut
557 1685 649 1773 dixi)
663 1690 806 1772 pronius
817 1709 921 1771 quam
938 1690 1076 1754 deberet

130 1787 176 1851 ad
199 1789 347 1870 gratiam
372 1790 464 1870 regis
487 1787 645 1852 inflectit.
698 1788 862 1870 Sequenti
879 1809 962 1852 vero
984 1808 1075 1854 anno
1088 1803 1210 1844 anna

129 1895 380 1970 congregatum
394 1895 448 1952 est
462 1888 644 1952 concilium
662 1886 797 1967 Romae,
812 1909 880 1952 non
897 1895 968 1951 tam
986 1909 1074 1972 prae-

129 1987 278 2070 cipiente
302 2007 406 2071 quam
434 1986 640 2052 connivente
668 2008 772 2070 papa,
797 1995 832 2052 et
856 1988 1075 2071 privilegium

128 2085 216 2150 illud
231 2086 367 2151 irritum
380 2087 511 2152 factum
528 2094 592 2151 est.
630 2084 803 2151 Auctores
820 2087 916 2151 fuere
932 2087 1075 2171 hujusce

129 2188 332 2252 mutationis
343 2187 620 2270 archiepiscopus
632 2180 871 2265 lViennensis,
882 2188 941 2270 qui
954 2195 1076 2270 postea

128 2285 245 2350 sedem
268 2288 494 2370 apostolicam
518 2287 621 2364 rexit,
647 2293 682 2350 et
707 2287 889 2368 episcopus
913 2287 1075 2368 Engolis-

129 2387 270 2464 mensis,
285 2386 455 2451 Girardus
466 2387 615 2464 nomine,
632 2385 692 2468 qui
706 2386 928 2468 coepiscopos
943 2385 1074 2451 adhaec

129 2486 363 2552 exinanienda
376 2486 571 2551 irritabant.
623 2486 711 2570 Ejus
726 2504 810 2568 ergo
832 2486 967 2550 concilii
983 2488 1074 2552 actio

129 2585 205 2650 baec
221 2593 286 2653 est.

180 2685 288 2770 5427.
306 2685 410 2751 Anno
426 2687 470 2751 ab
484 2687 722 2751 incarnatione
736 2687 879 2752 Domini
894 2686 1075 2750 millesimo
1087 2701 1202 2790 {331ng

128 2788 317 2851 centesimo
346 2786 561 2865 duodecimo,
594 2786 781 2850 indictione
817 2787 951 2869 quinta,
982 2806 1074 2850 anno
1087 2777 1210 2891 {312⁴sspr

127 2877 368 2970 ²pontificatus
383 2886 512 2950 domini
534 2906 633 2970 papae
652 2886 833 2950 Pascbalis
848 2887 989 2950 secundi
1006 2894 1074 2950 ter·
1108 2878 1142 2892 ''
1205 2878 1210 2889 '

127 2985 323 3064 tiodecimo,
340 3006 457 3050 mense
477 2985 618 3062 Martio,
633 2986 887 3068 quintodecimo
908 2983 1075 3049 kalendas

128 3083 273 3169 Aprilis,
299 3086 510 3151 celebratum
535 3093 589 3149 est
615 3085 796 3148 concilium
822 3084 945 3149 Romae
970 3085 1074 3149 Late-

129 3187 224 3250 ranis
247 3187 283 3251 in
298 3179 459 3251 ³basilica
482 3183 781 3250 Constantiniana.
834 3183 878 3247 In
900 3204 971 3266 qua
996 3205 1074 3248 cum

129 3285 288 3350 dominus
311 3305 404 3369 papa
427 3285 608 3350 Paschalis
636 3283 832 3360 resedisset,
861 3303 939 3348 cum
963 3285 1074 3349 archi-

129 3385 313 3469 episcopis,
337 3393 373 3451 et
397 3386 580 3468 episcopis,
606 3392 641 3448 et
661 3382 904 3460 cardinalibus,
925 3392 960 3449 et
977 3386 1075 3449 varia

128 3485 348 3550 multitudino
378 3485 579 3549 clericorum
607 3492 643 3548 et
671 3483 850 3560 laicorum,
876 3483 999 3547 ultima
1021 3485 1076 3550 die

127 3585 276 3663 concilii,
292 3585 387 3649 facta
405 3603 522 3649 coram
539 3583 698 3649 omuibus
720 3583 933 3665 professione
956 3585 1075 3648 catho-

127 3683 204 3748 licae
218 3684 311 3763 fidei,
324 3705 367 3749 ne
382 3685 459 3769 quis
482 3684 524 3748 de
546 3683 613 3748 fide
637 3683 747 3766 ipsius
763 3683 948 3761 dubitaret,
964 3683 1074 3749 dixit:

162 3967 353 4032 symma]
369 3967 403 4019 Α,
421 3968 494 4019 S.G.
511 3967 546 4017 D·
559 3968 590 4016 ΕΙ
648 3937 855 4005 Ῥυπθὶβοαιαε.]
881 3939 915 3992 Δ.
940 3944 969 3992 C.
990 3941 1025 3991 D.
1047 3944 1077 3992 E.

126 4040 202 4102 Μή
232 4028 444 4102 Engolismensis,
474 4038 503 4088 S.
526 4037 589 4104 (var.
615 4010 886 4130 ιξὲοῖῃῗηθάὶῃε·
912 4080 917 4090 .
940 4079 945 4090 .

122 4107 243 4177 Μ)-
254 4109 412 4160 mmm
444 4110 516 4171 pope
544 4107 592 4157 ca,
694 4081 1078 4162 uulrccCoastontmtuuo.]Tbe

121 4181 203 4231 lim
214 4180 252 4232 H⁸
616 4150 711 4201 oburch
728 4152 794 4200 built
809 4153 844 4213 by
856 4150 1018 4201 Constantrne
1037 4151 1079 4200 the

618 4221 706 4272 Great.

866 4294 887 4358 2
904 4309 929 4358 x
