2866 4868
190 455 258 503 nm.
273 439 325 520 v.]
406 455 520 505 oneri
543 455 671 504 aaron
695 456 907 506 nuononuu.
1074 442 1141 507 643

189 610 233 674 lis
250 602 397 690 ¹amore,
423 611 605 675 mulierum
635 612 766 693 gremio
792 612 1050 679 infunderetur:
1074 635 1138 679 nec

189 709 392 792 dignaretur
414 711 558 775 advenae
586 710 807 776 delectationi
838 715 992 795 praehere
1019 732 1137 778 assen-

190 828 280 887 sum,
296 811 364 874 nisi
379 811 440 875 uhi
461 812 595 893 regium
617 830 735 874 semen
752 813 938 894 procedere
959 821 1079 895 posset
1100 814 1136 878 in

189 907 369 990 effectum3
402 909 580 975 effundens
609 917 769 975 naturam
798 919 839 975 ut
867 911 1038 989 dominus,
1066 933 1136 977 non

188 1008 431 1092 obtemperans
453 1009 587 1074 libidini
615 1016 655 1072 nt
679 1009 842 1074 famulus.
885 1010 980 1075 Cibis
1003 1010 1137 1076 indiffe-

188 1115 304 1172 renter
327 1117 440 1187 utens,
470 1110 651 1191 magisque
677 1108 821 1191 explens
847 1112 1007 1188 esuriem,
1030 1132 1134 1194 quam

187 1207 306 1271 multis
342 1209 495 1273 obsoniis
520 1227 649 1290 urgens
682 1208 892 1290 ingluviem
924 1211 1022 1292 potui
1047 1231 1136 1275 nun-

188 1326 294 1388 quam
311 1315 438 1390 praeter
450 1308 543 1372 sitim
556 1307 752 1390 indulgens.
786 1307 1019 1374 Continentiae
1034 1311 1134 1375 mini·

187 1425 282 1469 mum
297 1426 477 1472 excessum
492 1407 625 1471 tum-in
648 1407 720 1470 suis
742 1413 816 1470 tum
838 1408 875 1470 in
896 1409 1055 1473 omnihus
1073 1430 1134 1474 ex·

188 1524 322 1571 coraus.
356 1507 477 1571 Somni
494 1507 624 1588 gravis,
636 1514 671 1570 et
686 1526 788 1589 quem
802 1506 964 1589 frequens
977 1509 1133 1574 roncatio

186 1604 463 1689 interrumperet.
500 1606 695 1670 Facultatis
710 1607 748 1669 in
765 1606 910 1671 dicendo
933 1609 1045 1689 magis
1063 1609 1132 1672 fer·

187 1705 287 1768 tuitae
304 1725 408 1788 quam
434 1705 643 1786 elaboratae3
666 1725 731 1770 nec
755 1707 957 1789 praecipitia
975 1708 1036 1771 sed
1058 1728 1133 1771 ma-

188 1810 289 1868 turae.
452 1860 455 1866 .

239 1901 348 1986 §41:3.
371 1901 519 1967 Pietatis
546 1903 583 1967 in
600 1903 715 1968 Deum
736 1904 980 1985 praedicandae,
994 1925 1132 1969 monas·
1146 1918 1187 1958 111·
1196 1918 1259 1968 uer·

187 2003 277 2064 teria
289 2003 326 2065 in
339 1999 470 2084 Anglia
482 2010 519 2069 et
533 2002 750 2067 Normannia
763 2003 981 2084 construxit:
1007 2005 1133 2087 quihus

187 2101 270 2184 quia
298 2102 451 2165 nondum
481 2121 677 2185 supremam
705 2120 845 2165 manum
867 2104 1045 2186 imposuit,
1068 2124 1134 2186 ego

188 2219 328 2284 quoque
359 2200 498 2265 interim
521 2200 692 2285 judicium
715 2221 830 2264 meum
856 2201 1040 2278 differrem,
1067 2203 1134 2267 nisi

187 2318 244 2362 me
268 2299 545 2382 Radingensium
572 2300 719 2365 fratrum
753 2300 904 2364 charitas
929 2309 1044 2365 tacere
1065 2322 1134 2367 non

187 2398 328 2464 sineret.
379 2399 459 2463 Hoc
484 2399 544 2463 ille
569 2400 764 2464 coenobium
791 2400 970 2464 interduo
992 2400 1136 2465 flumina

190 2496 365 2563 Kenetam
386 2499 642 2563 etTamensem
664 2498 856 2575 constituit,
873 2499 950 2564 loco
966 2500 1026 2565 ubi
1048 2521 1135 2583 pene

188 2598 342 2662 omnium
364 2598 603 2662 itinerantium
621 2597 665 2662 ad
682 2598 920 2681 populosiores
943 2601 1045 2664 nrbes
1059 2599 1135 2665 An·

188 2696 270 2777 gliae
285 2703 405 2780 posset
423 2715 499 2761 esse
514 2697 761 2777 diversorium3
784 2699 970 2780 posuitque
991 2700 1039 2763 ibi
1060 2720 1136 2764 mo·

186 2794 318 2860 nachos
337 2795 594 2874 cluniacenses,
610 2797 670 2879 qui
695 2804 777 2860 sunt
802 2796 904 2861 hodie
929 2799 1135 2879 praeclarum

188 2895 385 2960 sanctitatis
408 2895 617 2977 exemplum,
639 2895 888 2978 hospitalitatis
905 2897 1086 2961 indefessae
1099 2905 1135 2961 et

187 2993 298 3059 dulcis
319 2995 504 3060 indicium:
537 2994 657 3059 videas
685 2995 849 3077 ibiquod
876 3015 946 3060 nou
973 2995 1068 3072 alibi,
1094 3005 1135 3060 ut

186 3093 266 3176 plus
279 3094 446 3177 hospites,
460 3094 544 3159 totis
558 3094 652 3158 horis
667 3094 857 3169 venientes,
872 3112 976 3176 quam
997 3094 1133 3159 inhabi-

187 3199 302 3258 tantes
317 3195 503 3258 insumant.
557 3193 821 3277 Praeproperum
843 3212 898 3255 me
920 3200 955 3256 et
974 3193 1133 3258 adulato-

187 3311 259 3356 rem
272 3292 420 3357 fortasse
435 3293 514 3376 quis
529 3292 668 3370 dixerit,
678 3292 771 3375 quod
786 3311 877 3355 nunc
888 3290 1037 3374 primum
1052 3312 1134 3356 nas·

189 3397 325 3456 centem
345 3391 547 3473 religionem
569 3398 667 3455 tanto
689 3390 828 3455 efferam
853 3392 1040 3473 praeconio,
1072 3412 1133 3455 ne-

186 3490 299 3554 sciens
326 3489 411 3572 quid
436 3497 586 3555 ventura
609 3490 725 3573 pariat
755 3489 849 3569 dies3
884 3489 945 3554 sed
973 3489 1041 3572 ipsi
1074 3489 1133 3577 (ut

186 3584 306 3673 spero)
323 3607 402 3652 cum
419 3588 488 3653 Dei
509 3590 623 3670 gratia
645 3589 820 3653 enitentur
841 3596 881 3653 ut
902 3589 939 3652 in
960 3591 1051 3653 bono
1069 3590 1133 3653 du-

185 3694 274 3752 rent.
305 3687 382 3770 Ego
398 3706 468 3779 non
484 3689 648 3751 erubesco
662 3687 692 3751 si
707 3688 838 3752 sanctis
853 3688 937 3752 viris
952 3688 1130 3769 blandiar;

187 3794 224 3851 et
239 3788 368 3851 bonum
380 3785 472 3869 qnod
488 3786 524 3850 in
540 3806 594 3850 me
609 3807 679 3850 non
689 3786 812 3863 habeo,
829 3785 866 3849 in
880 3786 958 3850 aliis
972 3787 1131 3853 admirer.

186 3884 419 3950 Investituras
432 3885 653 3949 ecclesiarum
667 3886 744 3950 Deo
760 3893 796 3949 et
817 3893 938 3949 sancto
954 3885 1061 3951 Petro
1078 3908 1133 3951 rc·

185 3984 292 4063 misit,
324 3993 405 4068 post
436 3985 564 4048 multas
592 3983 845 4073 controversias
870 3984 961 4049 inter
988 4006 1067 4050 eum
1097 3996 1134 4051 et

379 4217 510 4281 ¹Aurora]
530 4219 564 4272 A.
577 4221 606 4272 S.
620 4223 650 4273 C.
663 4222 698 4272 D.
709 4223 767 4274 Μ.
780 4239 788 4284 ;
802 4224 903 4286 umoris,
915 4224 947 4273 E.
