2866 4868
319 419 386 484 676
540 432 654 481 casua
677 430 805 478 aucun
828 429 1041 479 nncnonun.
1131 413 1219 497 [nra.
1238 429 1273 480 v.

322 589 415 673 quod
440 608 629 672 nunquam,
646 595 832 671 postquam
851 587 1088 652 monachicum
1114 587 1273 652 habitum

322 689 525 773 accepisset,
549 709 571 753 a
595 687 820 771 completorio
844 688 964 752 exiens
999 707 1108 769 usque
1141 687 1187 752 ad
1219 706 1274 751 se·

324 791 462 874 quentis
493 789 562 852 diei
585 787 732 871 primam
764 789 902 852 locutus
933 788 1066 851 fuisset.
1118 787 1274 851 Sabbato

326 897 443 954 autem
469 895 634 971 sequente
662 889 744 951 dum
773 888 825 951 ita
849 894 1035 970 quassatus
1067 905 1106 951 se
1131 894 1274 969 putaret

321 990 397 1073 jam
418 989 562 1073 jamque
593 988 748 1070 defungi,
778 994 962 1069 surgentes
990 986 1034 1050 ad
1064 987 1273 1051 matutinam

327 1090 489 1173 synaxim
514 1089 638 1151 fratres
661 1087 704 1151 ad
728 1106 766 1150 se
787 1086 1023 1169 inungendum
1041 1088 1161 1150 venire
1182 1106 1273 1168 prae-

327 1190 419 1271 cepit
432 1210 440 1268 ;
466 1207 553 1270 quos
569 1207 646 1251 oum
662 1187 825 1250 inunctus
842 1207 888 1250 ex
901 1207 996 1250 more
1012 1185 1161 1250 osculari
1175 1185 1274 1251 volu-

327 1289 423 1365 isset,
451 1288 556 1351 nimio
588 1307 707 1351 eorum
738 1288 935 1369 compulsus
966 1305 1095 1363 amore,
1123 1307 1194 1351 non
1217 1285 1275 1369 ja·

327 1389 448 1465 condo,
478 1407 542 1450 nec
571 1386 734 1464 sedendo,
763 1389 836 1464 sed,
871 1387 1029 1469 quamvis
1055 1386 1100 1449 ad
1130 1394 1276 1451 mortem
1320 1453 1326 1462 ,

328 1489 505 1564 anxiatus,
519 1488 609 1550 iuter
622 1485 764 1550 brachia
786 1493 1000 1551 sustentatus
1025 1486 1151 1551 stando
1174 1506 1276 1551 oscu-

328 1588 421 1651 latus
438 1593 503 1650 est.
554 1586 622 1650 Die
640 1586 861 1651 illucescente
878 1588 913 1650 in
932 1587 1122 1669 capitulum
1137 1586 1275 1664 ductus,

329 1707 408 1750 cum
434 1687 592 1764 sedisset,
622 1686 747 1750 fratres
770 1693 852 1749 ante
873 1705 910 1749 se
936 1705 1054 1750 omnes
1077 1687 1196 1750 venire
1223 1706 1277 1750 ro-

330 1788 449 1869 gavit3
477 1787 601 1868 quibus
619 1794 799 1868 paternam
819 1786 1094 1851 benedictionem
1117 1793 1154 1850 et
1175 1787 1277 1851 abso-

329 1887 496 1950 lutionem
517 1887 728 1968 impertiens,
750 1886 841 1949 idem
867 1887 934 1949 sibi
958 1887 1002 1949 ab
1023 1885 1066 1950 iis
1082 1886 1194 1951 voluit
1215 1886 1278 1949 im·

330 1987 462 2070 pertiri.
487 1983 488 1986 ’
515 1985 644 2052 Postea
665 1986 783 2051 docuit
798 1986 893 2068 quid,
918 1987 948 2050 si
970 1987 1092 2063 obiret,
1112 1985 1163 2049 eis
1185 1992 1279 2050 esset

331 2086 515 2170 agendum.
567 2087 693 2169 Sioque
719 2105 897 2168 regressus
927 2093 980 2150 est
1006 2086 1099 2150 unde
1121 2092 1278 2163 venerat,

331 2188 501 2269 reliquum
527 2186 594 2249 dici
617 2206 693 2250 cum
717 2186 875 2268 sequenti
889 2185 1074 2250 Dominica
1098 2186 1279 2267 aliquanto

332 2287 482 2370 quietius
498 2287 713 2368 transigens:
737 2306 919 2350 eumecce
939 2292 1020 2369 post
1042 2285 1129 2362 haec,
1154 2284 1190 2348 id
1213 2294 1279 2362 est,

331 2394 412 2470 post
435 2387 667 2464 Dominicam,
689 2386 900 2450 imminentis
927 2387 1048 2450 mortis
1069 2384 1199 2449 indicia
1220 2384 1281 2448 de-

330 2487 613 2570 prehenduntur3
649 2493 685 2550 et
716 2487 791 2571 ipse
823 2487 982 2550 manibus
1016 2485 1157 2563 ablutiS,
1190 2504 1282 2567 pexo

332 2588 458 2669 capite,
487 2588 629 2650 missam
653 2586 834 2651 auditurus
861 2587 1050 2650 oratorium
1075 2584 1283 2666 ingreditur,

332 2694 539 2769 sumptoque
564 2705 709 2768 corpore
734 2693 770 2750 et
792 2688 962 2768 sauguine
978 2685 1119 2750 Domini
1146 2684 1192 2774 ad
1211 2685 1283 2749 lec-

332 2794 407 2860 tum
437 2805 616 2868 regressus
644 2793 708 2849 est.
770 2785 858 2850 Post
885 2785 1057 2851 modicum
1086 2785 1282 2851 obmutuit:

333 2886 458 2951 sratres
469 2894 551 2950 ante
561 2886 660 2950 illum
668 2886 847 2950 venientes
858 2885 1036 2968 sigillatim
1045 2884 1285 2963 benedicebat,

333 2988 438 3052 simili
451 2986 551 3051 modo
567 2993 678 3050 totum
694 2993 922 3066 conventum
951 2994 989 3050 at
1005 3005 1100 3063 vero,
1120 2985 1231 3049 oculis
1248 2985 1286 3048 in

334 3089 460 3152 coelum
480 3087 616 3163 erectis,
639 3093 787 3167 utraque
802 3105 908 3149 manu
926 3086 1100 3149 dominum
1124 3085 1287 3149 abbatem

335 3207 414 3250 cum
428 3189 585 3250 omnibus
602 3187 668 3250 sibi
682 3186 872 3250 commissis
885 3186 1086 3250 benedicere
1099 3185 1287 3250 nitebatur.

337 3286 500 3367 Rogatus
523 3292 639 3349 autem
666 3307 688 3351 a
710 3286 876 3351 fratribus
899 3293 939 3349 ut
965 3286 1057 3368 apud
1083 3286 1219 3362 Deum,-
1240 3283 1287 3349 ad

337 3406 439 3469 quern
454 3386 539 3462 ibat,
557 3405 675 3448 eorum
692 3407 824 3451 memor
836 3393 940 3463 esset,
950 3378 1073 3467 ¹caput
1085 3384 1287 3449 inclinando

337 3485 582 3568 benignissime
596 3485 782 3568 acquievit.
834 3486 924 3551 Haeo
941 3494 977 3550 et
993 3484 1047 3548 his
1061 3484 1189 3549 similia
1207 3503 1287 3549 cum

338 3587 489 3662 fecisset,
501 3585 615 3648 innuit
630 3586 695 3649 sibi
717 3587 846 3668 porrigi
862 3606 1021 3665 crucem;
1039 3603 1143 3667 quarn
1159 3585 1288 3667 capite,

338 3686 408 3749 imo
426 3690 501 3749 toto
516 3704 659 3767 corpore
675 3684 842 3749 inclinato
858 3686 1018 3762 adorans,
1033 3684 1192 3750 manibus
1215 3703 1289 3749 am·

339 3788 500 3869 plexans,
522 3785 604 3848 laeto
628 3804 687 3848 ore
709 3785 862 3849 salutare
876 3786 1059 3850 videbatur
1080 3791 1115 3848 et
1133 3784 1289 3868 jocundo

341 3881 482 3950 ²affectu
505 3885 795 3965 deosculabatur;
819 3905 896 3949 cnm
924 3886 1017 3949 illico
1045 3891 1203 3948 astantes
1224 3884 1290 3949 mi-

376 4151 501 4220 leopos]
527 4154 562 4206 A.
582 4156 613 4204 C.
630 4155 664 4204 D.
685 4156 717 4205 Ε.
734 4156 804 4216 La.;
864 4152 1006 4218 ⁹Affecta.]
1018 4153 1052 4206 Δ.
1066 4156 1094 4205 S.
1106 4155 1177 4216 L2.;
1189 4134 1295 4206 omitted

341 4225 474 4290 mm&
829 4225 990 4276 masta
