2866 4868
341 399 408 464 764
630 417 803 466 nrsronm
827 386 1005 466 novrum.
1135 402 1224 485 [nm.
1240 417 1294 465 nr.

346 582 467 639 coacto
490 574 647 650 concilio,
664 574 874 657 imperatrici
891 581 927 638 et
942 573 1156 657 principibus
1174 575 1296 640 audita

347 682 545 758 reportant:
564 674 751 738 ‘Comitem
760 673 1048 756 Andegavensem
1061 674 1294 757 legationibus

348 795 528 859 procerum
540 776 708 839 nonnulla
721 794 766 839 ex
777 782 875 858 parte
885 773 1022 854 favere3
1045 782 1223 853 caeterum,
1238 795 1296 840 so·

348 877 419 939 lum
429 896 473 939 ex
485 877 643 940 omnibus
653 875 812 940 comitem
822 874 1120 939 Gloecestrensem
1131 869 1296 958 ¹cognos-

350 996 438 1053 cere,
455 976 596 1061 ejusque
616 974 836 1061 prudentiam
864 994 904 1038 ac
930 974 1044 1052 fidem,
1066 976 1296 1058 magnanimi·

350 1083 457 1140 tatem
482 1082 518 1139 et
540 1075 756 1153 industriam,
780 1076 960 1159 probatam
981 1074 1057 1159 jam
1083 1076 1166 1140 olim
1186 1075 1296 1140 habu·

349 1177 430 1240 isse.
483 1175 519 1239 Is
535 1176 565 1239 si
579 1175 622 1238 ad
645 1195 683 1240 se
702 1177 850 1240 transito
872 1175 959 1238 mari
983 1175 1159 1253 adveniat,
1173 1176 1296 1241 volun·

350 1277 415 1340 tati
439 1275 514 1359 ejus
539 1296 576 1339 se
598 1295 661 1357 pro
685 1295 786 1359 posse
806 1296 875 1340 non
899 1275 1117 1357 defuturum3
1142 1275 1297 1359 alioquin

351 1385 495 1440 caeteros
520 1377 555 1439 in
586 1376 756 1440 cundoet
780 1375 952 1440 redeundo
984 1375 1113 1440 frustra
1142 1376 1297 1443 laborem

351 1476 639 1558 consumpturos!

405 1657 578 1716 QUOMODO
602 1658 717 1706 COMES
741 1659 980 1708 GLOEOESTRAE
1003 1661 1052 1707 AD
1075 1659 1240 1707 COMITEM

609 1759 899 1807 ANDEOAVENSEM
923 1759 1035 1808 lERI'l'.

186 1879 231 1919 The
240 1881 282 1920 em
291 1881 315 1920 01
401 1868 489 1951 §oa
515 1868 573 1932 Ita
594 1868 745 1931 omnium
773 1867 983 1932 audientium
1009 1869 1136 1952 spebus
1161 1868 1297 1947 erectis,

187 1931 310 1971 Glaucester

188 1983 297 2021 entreated
306 1986 328 2020 to
350 1968 393 2031 ad
420 1970 579 2034 comitem
603 1987 722 2050 preces
739 1987 861 2044 versae,
880 1976 919 2032 ut
945 1967 1037 2031 hunc
1057 1969 1211 2032 laborem
1234 1987 1298 2051 pro

186 2034 336 2132 {iiiiiiffl
348 2071 477 2133 sororis
491 2077 526 2133 et
543 2075 705 2150 nepotum
728 2067 931 2131 haereditate
946 2068 1159 2150 dignaretur.
1213 2068 1296 2133 Dis·

349 2169 527 2234 simulavit
549 2169 607 2232 ille
630 2168 752 2250 primo,
770 2166 941 2231 difficilem
964 2188 1035 2232 rem
1057 2167 1295 2252 praetendens:

349 2277 547 2351 suspectum
570 2289 631 2352 per
645 2267 912 2333 confertissimos
930 2266 1046 2332 hostes
1070 2269 1137 2332 iter
1151 2269 1241 2333 citra
1261 2276 1298 2334 et

350 2370 442 2433 ultra
458 2389 552 2433 mare
565 2389 573 2448 3
589 2369 815 2451 periculosum
832 2369 953 2445 sorori,
966 2387 1070 2451 quam
1085 2369 1122 2432 in
1137 2370 1299 2435 absentia

350 2470 425 2553 ejus
439 2471 498 2533 alii
516 2489 608 2551 aegre
626 2475 815 2543 tuerentur,
834 2469 898 2551 qui
914 2488 990 2533 eam
1007 2470 1043 2534 in
1058 2470 1218 2554 captione
1232 2488 1299 2535 sua

351 2589 438 2650 pene
455 2571 675 2652 reliquerant,
690 2570 792 2632 rebus
815 2569 881 2652 ipsi
904 2571 975 2633 suis
990 2568 1101 2633 diffisi.
1156 2570 1296 2636 Favens

351 2670 489 2732 tandem
518 2669 669 2733 omnium
692 2668 1045 2746 unanimivoluntati,
1069 2669 1206 2733 obsides
1233 2690 1297 2754 po-

351 2770 464 2850 poscit
479 2770 656 2852 sigillatim
672 2770 716 2832 ab
730 2769 784 2832 his
803 2770 862 2852 qui
876 2770 1061 2852 optimates
1078 2769 1298 2849 videbantur,

351 2888 467 2933 secum
492 2872 528 2934 in
559 2869 808 2934 Normanniam
837 2868 1020 2946 ducendos,
1042 2868 1218 2951 vadesque
1244 2870 1299 2935 fu-

351 2976 447 3034 turos
460 2979 531 3035 tam
550 2970 667 3033 comiti
680 2967 925 3050 Andegavensi
937 2963 1058 3053 ²quam
1074 2969 1299 3052 imperatrici,

350 3070 442 3151 quod
465 3090 583 3134 omnes
595 3069 727 3153 junctis
749 3069 955 3132 umbonibus
977 3070 1020 3132 ab
1043 3088 1095 3148 ea,
1117 3069 1199 3134 dum
1221 3071 1298 3154 ipse

351 3171 498 3247 abesset,
510 3170 654 3254 injurias
671 3170 924 3252 propulsarent,
937 3162 1088 3233 ³vicibus
1107 3171 1180 3235 suis
1202 3170 1296 3254 apud

352 3269 754 3334 Oxenefordmanentes.
787 3267 1028 3332 Acclamatum
1038 3277 1091 3334 est
1102 3273 1299 3350 sententiar,

350 3369 490 3452 datique
507 3370 642 3434 obsides
660 3369 911 3434 Normanniam
926 3368 1086 3434 ducendi.

349 3535 522 3592 QUOMODO
546 3536 662 3584 OOMES
677 3535 953 3584 ANDEGAVENSIS
969 3535 1126 3585 AUXILIO
1149 3536 1297 3587 coul'rls

363 3634 367 3639 ’
398 3636 638 3683 GLOEOESTRAE
662 3637 781 3684 DECEM
802 3636 985 3684 GAS'I'ELLA
1008 3636 1048 3684 IN
1071 3636 1297 3687 NORMANNIA

399 3736 563 3783 CEPERIT.

183 3829 332 3924 mlta„
399 3842 486 3926 §7u
512 3843 688 3908 Robertus
712 3864 795 3927 ergo
808 3843 1018 3908 valefaciens
1044 3844 1166 3923 sorori,
1182 3844 1296 3911 ductis

181 3931 266 3981 mundy.

383 4032 585 4100 ¹Cognoecere.]
611 4039 643 4086 Ε.
666 4039 740 4099 La.;
769 4053 808 4087 re·

344 4119 503 4167 cognoscere,
514 4105 542 4155 S.
555 4107 589 4156 D.
866 4104 1013 4172 ³Vicibus.]
1037 4109 1072 4160 D.
1092 4109 1124 4158 E.
1143 4111 1213 4173 Lae
1235 4111 1297 4162 viri·

386 4174 517 4237 ‘'Quom]
555 4178 588 4227 Ε.
616 4178 692 4237 1223
729 4193 804 4239 quam
830 4178 887 4238 bus,
900 4178 929 4228 S.

343 4246 426 4308 etiam,
438 4246 466 4297 S.
480 4246 515 4294 1).
