2866 4868
124 408 194 455 mn.
211 390 268 473 ιι]
414 406 589 456 nrsromn
611 408 790 458 novenni.
1007 395 1073 461 7³5

124 565 202 631 Nec
228 565 295 630 suit
320 565 498 629 ambarum
526 563 678 647 partium
705 582 843 646 aequum
868 561 1071 649 dissidium

123 666 205 730 dum
231 665 446 750 imperatris,
469 664 513 729 ad
540 667 668 729 bonum
693 665 846 748 pronior,
863 666 1072 732 ecclesiasti·

123 787 203 831 cum
217 787 286 831 non
301 786 339 830 se
356 766 468 829 vereri
486 765 655 850 judicium
671 765 892 847 mandasset3
916 760 968 831 ¹et
984 768 1072 850 regii

123 866 211 930 illud
226 887 330 950 quam
346 866 496 930 maxime
510 865 653 944 nollent,
669 866 749 928 dum
761 866 932 932 dominari
945 867 989 932 ad
1004 870 1073 932 uti·

122 967 241 1032 litates
257 986 339 1031 suas
356 967 525 1041 valerent.
562 959 748 1031 ²Proximo
765 966 958 1049 Septembri
974 968 1071 1051 lega·

123 1073 193 1145 tus,
205 1068 266 1151 qui
289 1074 407 1132 nosset
419 1065 521 1131 officii
543 1067 598 1131 sui
610 1067 829 1149 potissimum
846 1067 1012 1132 interesse
1031 1077 1072 1135 ut

121 1187 194 1250 pax
204 1169 414 1246 conveniret,
425 1187 489 1250 pro
500 1187 542 1230 ea
551 1167 766 1232 restituenda
776 1167 928 1232 laborem
936 1170 1070 1234 itineris

123 1267 345 1332 transmarini
367 1286 565 1351 aggressus,
580 1267 616 1332 in
634 1266 787 1332 Galliam
809 1269 974 1350 navigare
995 1289 1071 1334 ma-

123 1368 267 1433 turavit.
300 1367 356 1433 Ibi
371 1387 393 1432 a
408 1388 490 1450 rege
505 1368 663 1432 Franciae
677 1375 712 1432 et
729 1368 854 1433 comite
863 1368 1070 1449 Thetbaldo,

122 1468 311 1552 multisque
341 1469 494 1551 religiosi
522 1468 652 1533 ordinis
681 1468 849 1550 personis,
877 1488 1004 1552 magno
1035 1477 1071 1535 et

122 1569 272 1633 sollicito
286 1575 438 1634 tractatu
457 1568 500 1633 de
513 1589 599 1651 pace
614 1567 754 1651 Angliae
768 1569 898 1648 habito,
909 1590 1069 1635 reversus

122 1671 223 1733 estin
234 1671 301 1733 fine
314 1663 419 1753 ³pene
431 1668 657 1750 Novembris;
675 1668 828 1734 salubria
837 1670 960 1752 patriae
971 1690 1069 1734 man-

123 1769 207 1833 data
223 1769 386 1848 reserens,
403 1769 433 1834 si
449 1777 540 1835 esset
554 1771 615 1852 qui
629 1770 736 1835 verba
749 1770 851 1834 factis
866 1778 1067 1854 apponeret.

123 1869 171 1933 Et
198 1869 300 1951 plane
324 1871 528 1954 imperatrix
553 1878 588 1935 et
619 1889 733 1935 comes
765 1870 945 1935 confestim
968 1865 1068 1936 ⁴con-

122 1988 282 2052 sensero;
305 1991 368 2035 rex
383 1991 466 2036 vero
483 1970 526 2034 de
543 1969 598 2035 die
611 1971 648 2034 in
663 1970 753 2034 diem
775 1970 975 2053 producere,
988 1992 1069 2055 pos·

122 2076 233 2135 tremo
248 2071 284 2135 in
295 2091 430 2136 summa
447 2071 618 2137 frustrari.
670 2069 760 2135 Tum
778 2070 914 2137 demum
931 2072 1069 2154 legatus

121 2188 160 2234 se
184 2170 277 2236 intra
298 2192 337 2236 se
360 2171 542 2249 continuit,
571 2192 686 2235 rerum
711 2173 856 2250 exitum,
879 2174 1069 2252 nicatori,

122 2272 383 2353 speculaturus:
402 2271 484 2356 quid
501 2272 592 2336 enim
609 2273 734 2336 attinet
749 2279 870 2337 contra
881 2279 1069 2339 torrentem

120 2371 264 2436 brachia
286 2371 450 2438 tenderet
473 2393 563 2450 cum,
578 2371 753 2436 laboribus
770 2391 840 2436 non
864 2373 931 2437 nisi
953 2374 1069 2439 odium

121 2490 287 2554 quaerere,
302 2481 468 2538 extremae
484 2473 531 2538 sit
543 2471 600 2559 (ut
615 2471 756 2556 quidam
769 2470 838 2559 ait)
854 2473 1047 2540 dementiae.

132 2662 301 2710 EXPLICIT
325 2663 433 2711 LIBER
456 2661 647 2712 SECUNDUS
669 2662 844 2712 NOVELLAE
866 2663 1059 2714 Hlsuoltlm.

156 2902 213 2955 Ἐἰ
231 2904 298 2968 regii
380 2904 509 2968 aderent]
532 2904 583 2966 Ε.;
647 2899 829 2974 'Proximo.]
856 2906 906 2969 Ε.;
928 2906 1070 2971 Postremo,

119 2980 146 3027 et
162 2991 208 3026 rex
229 2976 294 3024 illud
311 2991 389 3037 quam
412 2977 521 3024 maxime
540 2989 583 3025 ca·
608 2974 637 3024 S.
650 2975 752 3026 Dua.

118 3051 197 3109 reret,
208 3047 320 3096 consiliis
337 3046 438 3095 illorum
453 3046 583 3095 malcore-
642 3042 768 3108 ⁸Pene.]
794 3045 823 3096 S.
846 3045 882 3096 D.
910 3047 970 3097 En.
993 3047 1068 3111 Η.;

119 3117 207 3179 dulus,
217 3117 261 3178 qui
272 3117 336 3165 nihil
354 3117 438 3165 minus
449 3130 525 3177 quarn
537 3131 583 3178 pa·
607 3115 711 3164 omitted
721 3116 748 3164 in
759 3116 813 3166 El.

118 3201 173 3236 cem
184 3187 286 3248 vellent,
296 3187 358 3236 dum
373 3187 398 3236 ei
413 3187 537 3236 dominari
548 3186 582 3234 ad
642 3183 652 3212 ⁴
665 3185 830 3249 crassatore]
842 3187 898 3236 El.
908 3197 916 3248 ;
928 3200 1070 3252 assensere,

118 3259 242 3310 utilitates
250 3272 310 3308 suas
317 3258 438 3321 valerent,
446 3257 476 3308 S.
484 3257 519 3308 D.
527 3257 580 3307 ΙΔ.
606 3255 635 3306 S.
648 3256 683 3306 D.
695 3257 719 3305 E
727 3260 751 3307 2.
763 3256 818 3308 Η.
