2866 4868
326 415 392 483 492
556 429 670 479 unsri
694 429 821 477 sneuu
845 426 1059 476 suenorum.
1131 411 1216 492 [mn.
1232 426 1287 474 ιν.
1342 416 1345 420 ‘

329 594 468 675 mulque
489 591 665 657 confidens
679 591 812 654 nullum
829 589 894 654 sibi
910 608 1075 655 ausurum
1090 588 1284 653 obsistere:

330 712 481 776 moxque
507 693 620 757 occiso
645 692 709 755 sub
733 691 931 756 foeminibus
953 691 1158 755 deturbatus
1179 708 1287 772 equo,

331 814 434 878 quem
457 813 499 858 eo
524 793 580 857 die
605 791 798 875 quindecim
827 792 953 855 marcis
978 790 1115 873 argenti
1138 795 1287 867 emerat,

331 895 436 959 etiam
449 914 511 976 per
525 893 647 977 pedem
662 893 722 956 diu
737 900 870 957 tractus
885 899 939 956 est
951 912 960 969 3
983 891 1044 957 sed
1058 890 1144 956 fides
1164 889 1287 955 loricoe

333 995 469 1059 obstitit
484 1014 528 1057 ne
542 994 738 1058 laederetur.
790 992 939 1075 Jamque
960 992 1060 1057 miles
1072 991 1133 1074 qui
1147 989 1286 1075 dejece-

333 1102 389 1159 rat
410 1114 550 1159 manum
572 1092 617 1158 ad
642 1093 803 1177 capulum
823 1094 969 1175 aptabat
991 1098 1032 1156 ut
1052 1091 1183 1167 feriret,
1202 1110 1285 1155 cnm

333 1195 404 1272 ille,
421 1195 576 1277 periculo
591 1200 746 1258 extremo
770 1193 924 1270 territus
940 1192 1126 1270 exclamat,
1148 1190 1286 1269 ‘Tolle,

334 1295 480 1360 nebulo!
507 1315 570 1358 rex
585 1292 726 1376 Angliae
753 1313 830 1358 sum
842 1293 862 1358 l'
913 1291 1082 1370 Tremuit,
1098 1298 1183 1357 nota
1197 1311 1288 1356 voce

331 1395 494 1479 jacentia
521 1396 647 1476 vulgus
675 1393 843 1473 militum3
871 1393 1059 1478 statimque
1088 1400 1290 1457 reverenter

335 1495 378 1559 de
404 1504 497 1560 terra
517 1485 634 1559 levato
653 1514 780 1576 equum
799 1494 945 1557 alterum
966 1492 1154 1558 adducunt.
1206 1491 1289 1569 Ille,

336 1615 406 1658 non
431 1602 616 1678 expectato
645 1593 854 1672 ascensorio,
885 1594 1084 1678 sonipedem
1116 1591 1290 1672 insiliens,

336 1715 523 1778 omnesque
535 1697 797 1759 circumstantes
814 1694 930 1759 vivido
949 1693 1184 1777 perstringens
1203 1711 1289 1757 ocu-

265 1796 268 1801 '
336 1797 383 1872 lo,
407 1795 543 1874 ‘Quia'
562 1796 778 1878 inquit‚‘me
799 1794 926 1878 dejecit
937 1795 963 1859 l'
1015 1793 1289 1859 Mussitantibus

337 1897 484 1973 cunetis,
510 1897 608 1960 miles
630 1894 875 1972 audacisfacti
898 1895 1056 1959 conscius
1082 1914 1152 1958 non
1175 1893 1289 1958 defuit

338 1997 531 2079 patrocinio
545 2016 620 2074 suo,
635 1996 771 2060 dicens:
797 1994 907 2078 ‘Ego
921 1996 981 2078 qui
996 2002 1031 2059 te
1045 2014 1114 2058 non
1127 2001 1290 2077 putarem

340 2117 416 2161 esse
442 2117 570 2179 regem,
595 2097 654 2160 sed
681 2096 848 2160 militem!
900 2095 990 2160 Tum
1014 2114 1098 2160 vero
1123 2115 1187 2159 rex
1211 2095 1290 2177 pla-

340 2198 450 2275 cidus,
464 2197 632 2280 vultuque
654 2215 808 2272 serenus,
825 2189 937 2259 ‘¹Per
954 2195 1114 2273 vultum,'
1134 2194 1196 2272 ait,
1218 2196 1292 2260 ‘de

341 2296 461 2375 Luca,'
476 2290 543 2384 (sic
562 2298 652 2362 enim
672 2293 845 2382 jurabat)
862 2302 980 2360 ‘meus
998 2315 1020 2360 a
1035 2295 1137 2360 modo
1155 2297 1235 2373 eris,
1254 2304 1292 2362 et

340 2417 417 2462 meo
440 2396 519 2462 albo
536 2399 687 2462 insertus
708 2397 891 2462 laudabilis
914 2395 1046 2460 militiae
1068 2395 1212 2480 praemia
1232 2416 1290 2461 re-

340 2498 520 2581 portabis!
571 2497 688 2562 Macte
719 2497 825 2561 animi
852 2496 1061 2579 amplissime
1089 2517 1165 2574 rex,
1195 2497 1292 2579 quod

342 2598 404 2663 tibi
425 2598 636 2681 praeconium
662 2618 767 2681 super
788 2598 853 2661 hoc
875 2598 968 2662 dicto
990 2597 1204 2681 rependam?
1255 2595 1292 2662 A

342 2699 460 2780 magni
484 2698 658 2781 quondam
682 2697 876 2763 Alexandri
899 2718 969 2762 non
994 2697 1144 2779 degener
1166 2696 1293 2779 gloria,

342 2799 401 2879 qui
429 2796 573 2863 Persam
595 2799 739 2863 militem
761 2818 799 2863 se
823 2818 845 2863 a
867 2806 966 2881 tergo
990 2798 1092 2862 ferire
1114 2805 1292 2877 conatum,

342 2898 401 2961 sed
426 2919 490 2981 pro
515 2898 659 2981 perfidia
680 2900 772 2962 ensis
794 2918 855 2981 spe
880 2918 945 2962 sua
967 2898 1183 2977 frustratum,
1196 2898 1295 2964 inco-

340 2998 468 3062 lumem
482 3019 546 3081 pro
561 2999 788 3064 admiratione
804 2999 1017 3064 fortitudinis
1032 2999 1263 3065 conservavit.

456 3190 504 3236 DE
527 3190 816 3240 MANSUETUDINE
839 3191 984 3239 COMITIS
1009 3190 1179 3240 ROBERTI.

156 3303 334 3397 {magt
395 3297 412 3380 ᾗ
431 3296 505 3361 310.
529 3297 553 3361 J
556 3317 612 3361 am
633 3319 716 3363 vero
740 3307 780 3364 ut
804 3301 847 3364 de
873 3301 1137 3365 mansuetudine
1159 3300 1297 3365 comitis

343 3397 467 3462 dicam.
500 3397 608 3462 'Cum
639 3399 772 3464 obsidio
800 3421 841 3465 eo
866 3421 975 3483 usque
1000 3400 1225 3483 processisset
1254 3408 1297 3466 ut

343 3517 435 3580 aqua
461 3498 596 3562 deesset
626 3501 788 3578 obsessis,
820 3501 913 3565 misit
945 3499 1121 3564 Henricus
1149 3501 1296 3566 nuncios

303 3808 313 3825 ι
383 3745 549 3797 'Pervultom
558 3750 719 3813 ...deLaro.]
727 3749 809 3799 These
835 3749 895 3811 they
907 3750 1020 3811 pretend.
1056 3750 1129 3812 They
1147 3751 1197 3800 cell
1215 3750 1299 3802 it“Il

346 3819 431 3867 words
443 3819 506 3867 have
523 3819 587 3868 been
598 3819 740 3882 frequently
750 3822 810 3869 mis-
835 3826 907 3870 santo
931 3821 999 3869 vulto
1026 3820 1054 3868 di
1080 3820 1199 3870 Lucea:''
1228 3822 1249 3870 it
1273 3823 1297 3873 is

346 3888 485 3937 translated
507 3890 559 3938 into
578 3890 638 3951 ‘By
659 3891 695 3940 St.
714 3891 810 3940 Luhe’s
834 3890 950 3952 stamped
967 3906 999 3940 on
1015 3890 1081 3939 their
1090 3892 1160 3940 coins
1171 3891 1234 3940 with
1245 3892 1298 3943 this

347 3958 403 4007 face
413 3959 429 4007 l'
439 3959 553 4008 whereas
565 3961 585 4008 it
596 3975 682 4009 means
699 3961 757 4023 ‘By
768 3961 810 4010 the
834 3961 935 4023 legend,
946 3961 1079 4010 “Sanctus
1090 3962 1177 4011 vultus
1193 3961 1226 4011 de
1243 3962 1297 4011 Lu·

347 4029 403 4078 face
416 4029 563 4079 atLuceal'
599 4031 666 4079 Lord
682 4031 810 4093 Lyttleton
835 4032 910 4081 ca.'''
936 4031 1115 4080 Inanltrlian
1125 4032 1297 4095 book,called

348 4100 526 4162 says,‘There
538 4102 560 4149 is
571 4105 598 4149 at
609 4101 696 4150 Luoea
708 4102 734 4150 in
746 4103 811 4150 Tus·
836 4103 877 4151 ‘Il
906 4102 1046 4152 Forestiere
1069 4102 1201 4152 informato
1229 4103 1297 4154 delle

348 4177 413 4231 early
425 4186 457 4219 an
468 4172 568 4219 ancient
579 4172 658 4233 ligure
676 4172 705 4220 ol
714 4171 810 4234 Christ,
836 4187 894 4222 cose
916 4173 943 4220 di
966 4172 1070 4233 Lucca,'
1091 4172 1142 4221 this
1163 4174 1255 4235 legend
1273 4175 1303 4224 is.

347 4240 456 4304 brought
478 4242 547 4291 there
569 4243 759 4305 miraculously,
781 4258 809 4293 as
837 4244 911 4304 given
931 4244 957 4291 in
976 4248 1047 4305 great
1058 4242 1144 4293 detail.
1177 4243 1234 4294 {l'he
1250 4259 1298 4293 au-
