2866 4868
342 417 408 482 alo
569 433 683 481 ousrn
704 432 831 481 ancon
853 430 1069 480 Anononuu.
1145 417 1230 499 [mu.
1250 432 1299 480 iv.

343 591 464 655 ratorii
491 592 621 654 nummi
649 591 825 655 Bizantini
851 590 989 654 vocati:
1014 589 1104 654 hanc
1126 590 1296 655 divinitus

343 698 498 755 mutasse
514 712 652 768 nomen,
670 691 704 754 S.
720 689 902 754 Aldelmus
926 696 1049 753 auctor
1062 698 1116 754 est
1133 682 1187 754 ¹in
1204 690 1295 755 libro

181 805 322 896 3323th
345 792 400 854 De
417 792 642 873 Virginitate,
665 789 863 874 hujusmodi
881 789 1065 855 sententia.
1118 789 1296 855 Constan-

324 882 431 968 tino,
454 893 491 955 in
516 892 636 955 eadem
659 891 744 954 urbe
770 897 947 972 soporato,
960 890 1038 953 visa
1062 897 1117 954 est
1137 891 1294 954 astitisse

344 992 463 1056 vetula
486 992 584 1073 rugis
607 990 754 1055 anilibus
777 997 878 1054 arata
891 989 1061 1070 frontem3
1085 994 1168 1055 mox
1185 991 1296 1073 impe·

344 1090 423 1155 riali
440 1091 619 1176 chlamyde
633 1091 761 1155 amicta
783 1090 820 1152 in
837 1089 1063 1173 juvenculam
1084 1089 1294 1169 refloruisse,

345 1192 534 1273 viridisque
556 1191 675 1255 formae
705 1191 828 1254 decore
854 1188 1077 1254 Constantini
1105 1191 1293 1273 pellexisse

346 1291 483 1354 oculum
506 1299 634 1356 utnon
656 1291 845 1354 abstineret
860 1290 944 1372 quin
966 1291 1160 1372 porrigeret
1182 1291 1214 1354 ei
1237 1310 1296 1354 os-

346 1390 474 1455 culum.
526 1391 625 1454 Tunc
650 1389 824 1454 Helenam
848 1396 1006 1465 matrem,
1035 1409 1115 1472 qnae
1143 1388 1295 1468 adesset,

346 1490 488 1568 dixisse,
503 1490 615 1554 ‘Haec
630 1497 693 1554 tua
714 1508 849 1571 semper
868 1490 945 1567 erit,
962 1509 1026 1553 nec
1043 1509 1197 1573 unquam
1219 1509 1295 1554 mo-

346 1591 467 1667 rietur,
490 1591 557 1655 nisi
579 1591 617 1654 in
638 1589 706 1653 fine
726 1589 858 1654 seculi.'
910 1587 1030 1673 Hujus
1051 1591 1176 1655 somnii
1199 1590 1295 1654 solu·
1356 1632 1359 1638 -

346 1690 475 1754 tionem
488 1689 682 1772 Augustus
694 1696 838 1753 extruso
854 1708 990 1770 sopore,
1000 1689 1146 1773 jejuniis
1159 1697 1195 1754 et
1203 1689 1295 1754 elee-

346 1791 500 1874 mosynis
517 1790 724 1854 extrahebat
742 1809 762 1853 e
784 1788 885 1852 coelo.
937 1788 985 1852 Et
1001 1808 1093 1867 ecce,
1117 1797 1197 1872 post
1214 1797 1295 1854 octo

346 1890 419 1953 dies
443 1891 568 1954 iterum
596 1895 793 1972 soporatus
815 1889 911 1953 visus
940 1895 993 1952 est
1015 1889 1132 1954 videre
1163 1889 1295 1954 Silves-

346 1996 438 2053 trum
453 2010 592 2072 papam,
606 1990 711 2072 paulo
732 1996 813 2052 ante
831 1988 1041 2066 defunctum,
1056 1990 1116 2072 qui
1131 1988 1224 2053 dulci
1239 1989 1294 2053 lu-

346 2091 476 2158 minum
490 2091 562 2153 risu
571 2083 795 2171 ²discipulum
809 2089 1059 2171 perstringens,
1073 2088 1297 2168 ‘Consueta‚'

345 2189 471 2272 iuquit,
487 2191 610 2271 ‘egisti
626 2189 822 2272 prudentia,
836 2196 877 2252 nt
892 2189 983 2271 quod
1006 2188 1220 2254 intellectum
1243 2190 1295 2254 ef·

346 2289 482 2371 sugeret
512 2290 672 2366 hominiS,
706 2309 727 2353 a
753 2290 830 2353 Deo
860 2295 1063 2370 expectares
1090 2289 1295 2354 solvendum

348 2389 475 2454 nodum
493 2390 700 2471 aenigmatis.
741 2388 831 2453 Haec
844 2389 952 2471 igitur
967 2407 1072 2472 quam
1085 2388 1205 2453 vidisti
1218 2389 1295 2453 ani·

347 2489 428 2554 cula
453 2497 507 2553 est
531 2490 655 2554 civitas
680 2491 760 2567 ista,
787 2489 854 2553 aevi
877 2489 948 2552 situ
969 2489 1166 2570 decrepita;
1193 2488 1295 2573 cujus

342 2589 417 2673 jam
435 2596 610 2654 vetustate
627 2609 757 2673 quassa
777 2589 919 2666 moenia,
937 2595 972 2652 et
986 2589 1137 2660 ⁷vicinam
1158 2589 1296 2652 ruinam

347 2690 527 2768 minantia,
553 2696 787 2772 reparatorem
804 2688 1013 2752 desiderant.
1065 2687 1133 2752 Sed
1155 2696 1196 2752 tu
1218 2708 1296 2753 eam

347 2789 456 2852 muris
471 2789 661 2854 reformans
684 2796 719 2854 et
741 2790 877 2872 opibus,
894 2788 1064 2853 vocabulo
1082 2807 1218 2872 quoqne
1240 2790 1295 2852 in·

347 2890 476 2970 signias
500 2897 573 2967 tuo,
590 2896 625 2953 et
651 2889 810 2971 regnabit
831 2889 867 2951 in
890 2907 932 2952 ea
953 2895 1121 2970 perpetuo
1145 2888 1296 2971 impera·

312 3053 318 3066 ,
348 2989 438 3053 toria
455 2990 650 3071 progenies.
703 2989 786 3054 Non
811 2995 927 3052 tamen
944 2996 1006 3052 tuo
1029 2988 1200 3052 arbitratu
1216 2988 1296 3052 fun-

347 3088 511 3171 damenta
527 3089 650 3173 jacies,
668 3089 729 3152 sed
753 3107 897 3152 ascenso
919 3086 1096 3170 sonipede,
1117 3088 1175 3152 cui
1188 3107 1296 3170 quon-

347 3186 427 3252 dam
439 3190 535 3253 rudis
546 3189 754 3254 Christicola
761 3189 914 3252 insidens
924 3189 1160 3271 apostolorum
1173 3186 1296 3253 Romae

348 3289 503 3353 circuisti
520 3290 694 3366 ecclesias
712 3289 843 3352 laxatis
852 3288 1008 3366 habenis,
1023 3307 1093 3371 quo
1103 3288 1198 3352 volet
1212 3308 1297 3352 eun·

349 3389 384 3451 di
403 3398 600 3472 promptum
614 3390 664 3453 illi
680 3390 780 3453 cedes
803 3389 984 3452 arbitrium
998 3409 1006 3469 ;
1031 3387 1242 3470 habebisque
1257 3389 1295 3453 in

348 3508 453 3552 manu
478 3490 614 3553 hastam
639 3488 783 3570 regiam,
812 3489 912 3572 cujus
942 3487 1083 3571 cuspide
1107 3489 1143 3552 in
1167 3495 1297 3554 terram

348 3595 463 3652 tracta
484 3590 573 3654 muri
596 3589 790 3653 scribentur
808 3588 967 3670 vestigia.
1021 3587 1190 3652 Consules
1213 3608 1297 3671 ergo

383 3861 433 3912 ¹Irr
440 3864 503 3912 libro
511 3863 549 3912 De
558 3862 733 3927 Virginitate]
746 3863 810 3925 Cap.
836 3878 891 3913 was
901 3863 1020 3913 invented
1034 3864 1061 3911 in
1077 3863 1126 3912 the
1137 3863 1225 3925 eighth
1241 3879 1299 3914 cen-

349 3947 410 3985 xxv.
421 3934 482 3985 edit.
494 3933 625 3983 Wharton.
650 3934 698 3984 See
717 3939 774 3984 note
793 3932 811 3997 ¹,
836 3940 903 3996 tury.
939 3935 982 3984 He
1003 3948 1084 3983 seems
1106 3938 1132 3982 to
1153 3933 1218 3984 have
1235 3936 1300 3984 been

349 4020 375 4066 p.
387 4008 429 4054 44.
836 4004 954 4066 baptized
965 4004 1016 4053 and
1027 4003 1144 4053 received
1160 4003 1203 4053 the
1219 4005 1302 4067 impo-

357 4086 360 4093 ’
383 4071 580 4136 ²Discipnlum.]
605 4073 659 4121 The
676 4073 769 4135 legend
785 4073 814 4121 of
836 4075 911 4123 sitiou
926 4074 955 4123 of
967 4075 1048 4124 hands
1062 4074 1101 4123 for
1114 4073 1157 4123 the
1172 4075 1226 4123 first
1235 4075 1297 4126 time

349 4143 534 4193 Constantine's
553 4144 662 4205 baptism
685 4148 712 4192 at
730 4144 809 4192 Rome
835 4145 928 4205 during
946 4144 986 4192 his
1002 4145 1052 4192 last
1069 4144 1164 4193 illness.
1188 4144 1299 4211 (Euseb.

348 4215 456 4264 thirteen
474 4228 549 4276 years
568 4213 653 4263 before
670 4214 711 4262 his
733 4213 809 4262 death
835 4215 862 4262 in
873 4215 925 4265 vit.
937 4215 1067 4264 Constant.
1078 4214 1124 4264 lib.
1137 4227 1171 4266 rv.
1183 4229 1206 4265 c.
1217 4212 1272 4280 61.)
