2866 4868
342 413 407 477 552
558 428 671 476 cusan
696 427 821 475 uuouu
846 426 1060 474 suenonuu.
1139 411 1294 492 [univ.

182 602 333 665 statuum.
345 585 520 669 pericu103
544 602 693 667 namque
720 583 755 647 hi
770 583 846 667 jam
871 581 1056 645 indiscrete
1077 581 1114 643 in
1134 581 1294 658 tentoriis

346 686 419 748 suis
446 685 668 760 necabantur,
684 683 769 745 nihil
788 682 880 746 bello
899 681 1035 757 intenti,
1053 681 1113 744 sed
1136 681 1220 744 solis
1243 680 1294 743 la-

346 784 496 866 chrymis
514 790 549 846 et
565 784 724 865 precibus
742 800 846 845 auras
862 781 1056 863 implentes,
1098 779 1174 843 Nec
1191 780 1296 843 rima-

347 885 450 947 batur
476 883 586 946 hostis
604 883 739 946 vulneri
765 881 908 957 aditum,
934 880 995 942 sed
1021 880 1057 942 in
1077 879 1203 943 nothos
1225 878 1295 943 sor-

348 990 469 1046 tunam
481 983 653 1058 emittens
665 1000 840 1062 nunquam
852 1000 915 1062 pro
926 979 1098 1042 densitate
1107 998 1294 1041 cuneorum

348 1081 485 1145 inanem
509 1079 680 1144 referebat
696 1100 845 1143 manum.
898 1078 982 1142 Sola
1004 1085 1080 1142 erat
1103 1078 1225 1141 mortis
1244 1078 1296 1141 di-

350 1181 447 1257 latio,
474 1179 577 1262 quod,
607 1181 690 1262 quia
710 1180 817 1263 juxta
844 1178 1016 1261 quoddam
1051 1177 1295 1240 arundinetum

349 1280 582 1363 pugnabatur,
599 1280 679 1362 equi
696 1279 888 1342 'lurcorum
907 1277 1064 1359 impediti
1085 1277 1202 1340 liberis
1224 1296 1296 1340 non

268 1414 270 1419 ·
351 1378 558 1442 exultabant
585 1380 754 1441 cursibus.
801 1377 882 1445 ,Sed
914 1376 1054 1441 tandem
1083 1376 1168 1440 visis
1199 1382 1298 1440 ante-

351 1478 508 1560 signanis
529 1478 735 1560 optimatum
752 1478 976 1552 venientium,
991 1476 1102 1539 nostri
1122 1495 1168 1538 ex
1191 1494 1296 1538 arun·

352 1577 469 1640 dineto
498 1576 687 1659 prodeunt3
717 1583 752 1640 et
775 1569 983 1639 ¹aeclamato
1009 1576 1109 1656 signo
1143 1574 1298 1652 militari,

352 1677 473 1739 ‘Deus
495 1676 572 1740 vult
583 1677 603 1740 !'
635 1676 822 1758 dissipatos
850 1675 987 1738 ordines
1018 1673 1169 1738 hostium
1198 1674 1298 1739 inva-

352 1776 451 1852 dunt,
468 1776 571 1839 sociis
587 1782 627 1838 ut
644 1795 689 1839 ex
706 1775 817 1838 altera
839 1782 937 1856 parte
960 1774 1086 1837 feriant
1099 1774 1296 1837 innuentes

354 1875 413 1938 Ita
445 1874 564 1950 Turei,
595 1894 672 1938 cum
708 1874 869 1956 utrinque
899 1880 1147 1956 premerentur,
1179 1873 1297 1937 nescio

353 1974 436 2056 quid
453 1974 565 2037 dirum
582 1974 779 2050 stridentes
796 1973 987 2037 ululatibus
1003 1973 1040 2036 in
1059 1972 1185 2036 coelum
1209 1974 1299 2036 actis

353 2072 518 2155 diffugere
531 2093 539 2152 ;
567 2093 630 2136 nec
643 2073 746 2136 solito
762 2092 857 2136 more
873 2091 992 2155 pugna
1005 2072 1122 2153 fugaci
1139 2072 1206 2148 usi,
1223 2073 1298 2149 sed,

353 2172 500 2256 abjectis
523 2173 684 2248 arcubus
701 2172 813 2255 majus
830 2171 960 2254 aliquid
982 2190 1087 2253 quam
1108 2171 1299 2235 humanum

353 2272 510 2335 timorem
524 2273 689 2339 continua
702 2273 805 2335 trium
820 2272 952 2335 dicrum
965 2270 1050 2352 fuga
1066 2272 1186 2334 testati
1202 2278 1296 2334 sunt.

355 2370 430 2435 Nee
446 2378 522 2434 erat
539 2373 598 2452 qui
622 2390 681 2435 eos
703 2371 857 2453 fugaret3
882 2370 1066 2453 quiaequi
1087 2376 1297 2448 nostrorum,

354 2470 414 2532 vix
436 2470 560 2553 jejuno
588 2471 718 2553 cespite
741 2472 850 2534 vitam
875 2476 1122 2546 sustentantes,
1148 2468 1300 2532 alacrem

352 2570 625 2651 persecutionem
642 2570 828 2651 negabant,
839 2570 932 2633 lasso
949 2569 1067 2632 statim
1080 2569 1178 2632 ilium
1195 2568 1300 2650 pulsu

353 2661 591 2733 ²desectionem
606 2688 705 2732 suam
721 2668 951 2733 ostendentes.
992 2668 1079 2732 Erat
1095 2669 1185 2731 enim
1198 2665 1300 2745 Asia,

355 2774 448 2831 terra
469 2768 642 2850 quondam
665 2768 802 2850 frugum
823 2767 1048 2844 feracissima,
1067 2768 1119 2831 ita
1135 2766 1301 2832 moderno

354 2873 390 2930 et
405 2869 549 2949 antiquo
564 2874 718 2949 tempore
733 2866 856 2931 Tureis
884 2867 1107 2931 saevientibus
1130 2866 1300 2949 expilata,

353 2966 470 3029 utrix
496 2985 575 3029 raro
599 2968 767 3031 exercitui
788 2966 986 3030 alimoniam
1007 2967 1202 3030 ministrare
1227 2966 1300 3030 sul-

354 3063 482 3142 ficeret,
506 3065 632 3128 nedum
651 3072 760 3130 tantae
780 3066 1006 3143 multitudini,
1027 3085 1105 3148 quae
1130 3072 1228 3129 totas-
1247 3085 1302 3130 se-

353 3171 450 3244 getes
484 3165 682 3246 depastura,
712 3172 805 3230 totos
833 3159 968 3229 ³amnes
1000 3171 1183 3246 epotatura
1204 3164 1302 3229 vide·

352 3270 466 3327 retur:
491 3264 755 3329 aestimabantur
776 3265 867 3327 enim
893 3284 970 3329 cnm
987 3257 1027 3327 ⁴a
1044 3263 1156 3327 Nicea
1172 3263 1302 3328 disces-

306 3523 309 3528 ·
378 3501 527 3551 ¹Acclaomto
537 3503 608 3565 signo
614 3503 729 3565 militari,
736 3504 815 3553 ‘Deus
838 3507 932 3568 words,
945 3506 988 3556 the
1005 3507 1154 3568 inspiration
1172 3507 1259 3568 surely
1276 3507 1307 3556 of

350 3567 445 3638 aoltl']
458 3572 540 3620 When
551 3573 639 3646 Urban
648 3573 685 3622 Ii.
697 3573 814 3623 address·
838 3575 879 3624 the
888 3577 958 3636 Holy
965 3577 1053 3637 spirit,
1058 3577 1090 3625 be
1096 3576 1135 3624 for
1141 3590 1201 3625 ever
1212 3577 1303 3637 adopt·

351 3643 383 3689 ed
406 3640 448 3689 the
470 3642 606 3689 multitude
628 3641 691 3690 stom
713 3657 728 3690 a
750 3643 813 3704 lofty
838 3645 870 3693 ed
881 3659 910 3694 us
921 3660 986 3706 your
995 3646 1124 3707 war-cry!

351 3709 457 3758 scaffold
478 3711 505 3758 in
523 3709 565 3758 the
585 3711 771 3773 market-place
788 3713 816 3761 ol
871 3734 1059 3796 afflationem
1069 3731 1194 3804 mmps
1209 3736 1236 3784 D
1252 3736 1301 3785 Ε..

351 3779 604 3842 Olermont,inciting
622 3779 664 3829 the
680 3781 771 3842 people
787 3787 813 3831 to
837 3806 965 3855 defectum
977 3821 1051 3856 „uum
1076 3808 1104 3855 L.
1139 3772 1146 3787 ⁹
1195 3771 1201 3786 ⁸
1238 3772 1244 3786 ⁸
1292 3772 1301 3794 ⁸

350 3848 491 3897 undertake
508 3848 551 3898 ue
571 3849 696 3913 cmsane,
714 3851 746 3899 ue
757 3866 813 3901 was
1053 3841 1062 3865 '

350 3917 493 3978 frequently
519 3919 676 3980 interrupted
708 3921 743 3981 by
770 3921 812 3970 the
873 3900 1142 3965 mmmmm]
1159 3900 1319 3961 D.E.L.;,

349 3986 425 4036 shout
435 3985 464 4035 of
471 3987 610 4036 thousands
621 3988 647 4036 in
658 3989 723 4037 their
733 3991 812 4039 rustic
836 3985 922 4021 amnes
944 3985 971 4020 ὅθ
997 3972 1190 4035 P⁰f⁸t¹1farcd
1214 3984 1302 4019 amm

349 4056 427 4104 idiom
439 4056 591 4118 exclaiming
602 4058 689 4106 ‘Deus
701 4058 725 4106 lo
737 4059 812 4108 voltl’
836 4040 1257 4104 0P⁰t¹¹ffl2⁴4·3³m¹10⁵⁰l)⁰t³t⁰mr
1269 4041 1302 4089 S·

349 4124 385 4173 ‘lt
403 4125 426 4173 is
443 4125 540 4173 indeed
558 4126 600 4175 the
611 4127 668 4174 will
685 4126 714 4175 of
727 4127 812 4178 Godi'
870 4125 914 4174 ⁴A
929 4121 1031 4192 Nicea]
1051 4125 1084 4175 A.
1104 4126 1134 4176 S.
1151 4126 1188 4175 D.
1206 4127 1239 4175 Ε.
1251 4127 1302 4187 Ias

348 4193 445 4253 replied
456 4194 498 4242 the
517 4210 599 4256 pope3
615 4196 682 4245 ‘and
694 4197 811 4247 letthose
835 4201 919 4257 anteo,
932 4198 962 4244 C.
1403 4190 1406 4197 ¹
