2866 4868
346 402 412 476 752
639 399 813 473 ursror'un
834 420 1013 470 novunns.
1141 405 1227 489 [mn.
1245 419 1300 468 111.

349 581 445 645 tricis
460 579 619 644 fidelibus
633 579 860 657 inferrentnr3
884 576 1069 642 Andevera
1082 578 1188 642 etiam
1197 580 1296 643 vicus

341 682 518 745 incensus.
571 678 627 743 Ab
649 678 826 743 occidente
850 679 969 761 itaque
990 697 1069 742 raro
1091 685 1127 742 et
1149 686 1297 761 anguste

348 781 624 863 importabantur
654 780 860 855 necessaria,
891 779 1083 842 viatoribus
1121 779 1296 843 nonnullis

319 876 323 887 '
348 880 548 963 interceptis
565 879 622 944 vel
637 879 772 956 occisis,
786 878 843 943 vel
857 884 956 961 parte
979 879 1209 942 membrorum
1221 899 1296 943 mn-

183 2587 240 2626 lilde
248 2596 331 2626 monas·

182 2641 228 2687 terp
236 2639 307 2677 burnt.
346 2675 353 2688 ,

130 3364 136 3377 ’
182 3381 292 3423 Warewell

180 3433 247 3483 ebbey
260 3435 331 3474 burnt.

348 979 477 1070 tilatis:
501 981 546 1043 ab
568 980 700 1043 oriente
712 998 796 1043 vero
816 984 891 1042 toto
911 979 1049 1042 tramite
1062 975 1186 1043 'versus
1202 979 1295 1043 Lon-

349 1080 486 1144 doniam
509 1079 795 1162 constipabantur
810 1077 942 1142 semitae
965 1077 1186 1142 multitudine
1203 1099 1296 1143 com-

349 1187 536 1256 meatuum,
546 1180 706 1262 episcopo
724 1186 759 1242 et
770 1178 842 1242 suis
855 1177 1171 1260 importandorum
1186 1172 1298 1243 ¹Gau·

348 1279 437 1343 frido
449 1280 491 1342 de
507 1279 545 1343 M
549 1278 732 1355 andevilla,
741 1279 802 1361 qui
810 1277 884 1362 jam
896 1277 1020 1342 iterum
1031 1278 1163 1343 auxilio
1176 1299 1296 1344 eorum

348 1387 512 1456 cesserat,
529 1386 632 1442 antea
655 1379 744 1442 enim
761 1384 842 1460 post
854 1378 1049 1460 captionem
1072 1379 1164 1460 regis
1186 1378 1295 1462 impe·

348 1480 467 1542 ratrici
494 1478 695 1542 fidelitatem
717 1477 910 1562 juraverat,
936 1484 972 1541 et
995 1477 1294 1544 Londoniensibus

341 1579 499 1641 maxime
514 1579 761 1654 annitentibus,
778 1577 931 1660 nihilque
946 1578 1085 1642 omnino
1102 1579 1196 1660 quod
1216 1599 1296 1662 pos-

348 1684 425 1741 sent
454 1678 796 1761 praetermittentibus
830 1697 898 1761 qno
927 1677 1180 1760 imperatricem
1213 1698 1296 1743 con·

346 1778 536 1841 tristarent.
565 1777 824 1842 Wintonienses
841 1797 944 1859 porro
957 1777 1014 1842 vel
1028 1777 1136 1842 tacito
1152 1778 1185 1842 ei
1197 1777 1294 1843 save·

341 1877 586 1960 ‘bantjudicio,
600 1896 767 1941 memores
783 1875 863 1940 fidei
879 1895 982 1960 quam
999 1879 1030 1942 ei
1045 1879 1140 1960 pacti
1156 1876 1295 1944 fuerant

348 1996 426 2039 cum
442 1976 799 2059 invitipropemodum
811 1977 1026 2059 abepiscopo
1042 1977 1165 2042 adhoc
1178 1979 1294 2044 adacti

347 2084 474 2141 essent.
527 2076 668 2140 interea
701 2097 747 2140 ex
779 2084 873 2141 turre
897 2075 1071 2158 pontificis
1092 2078 1290 2161 jaculatum

341 2176 541 2240 incendium
565 2177 602 2240 in
633 2177 753 2240 domos
781 2177 1004 2258 burgensium
1027 2174 1117 2262 (qui,
1142 2185 1183 2241 ut
1206 2178 1293 2258 dixi,

346 2277 525 2358 proniores
547 2282 648 2339 erant
669 2277 897 2358 imperatricis
918 2275 1075 2340 felicitati
1091 2296 1195 2359 quam
1221 2280 1294 2364 epi-

346 2372 459 2460 scopi)
485 2376 743 2458 comprehendit
767 2382 802 2439 et
825 2376 1014 2440 combussit
1039 2376 1214 2442 abbatiam
1238 2385 1293 2443 to·

344 2482 416 2539 tam
437 2475 751 2543 sanctimonialium
766 2475 857 2539 intra
871 2477 1002 2553 urbem,
1019 2476 1190 2561 simulque
1203 2471 1293 2543 ²coe-

344 2576 484 2638 nobium
499 2575 591 2658 quod
606 2574 733 2639 dicitur
748 2573 806 2638 Ad
820 2574 952 2639 Hidam
976 2583 1087 2641 extra.
1139 2577 1227 2643 Erat
1243 2579 1293 2644 ibi

342 2694 460 2756 rmago
484 2675 640 2737 crucifixi
655 2674 797 2738 Domini
818 2694 946 2757 magna
968 2676 1057 2739 mole
1079 2677 1155 2740 auri
1177 2685 1213 2742 et
1234 2697 1293 2742 ar·

341 2775 452 2856 genti,
464 2775 632 2856 simulque
644 2769 986 2856 gemmarum‚³dono
998 2775 1169 2840 Cnutonis
1181 2798 1294 2862 quon-

342 2874 422 2938 dam
444 2875 537 2956 regis
568 2893 714 2956 operosa
737 2875 923 2938 devotione
952 2873 1165 2941 fabrefacta:
1201 2877 1293 2957 hacc,

340 2975 423 3056 igne
455 2982 539 3039 tunc
567 2973 812 3055 comprehensa
837 2981 873 3038 et
896 2974 971 3038 solo
999 2982 1186 3057 prostrata,
1210 2985 1292 3061 post

341 3075 448 3138 etiam
470 3074 615 3158 jubente
640 3073 758 3155 legato
783 3081 987 3138 excrustata
1014 3081 1079 3138 est.
1130 3075 1291 3142 Inventas

344 3174 528 3256 plusquam
554 3173 752 3256 quingentae
784 3173 922 3255 argenti
948 3193 1087 3252 marcae,
1119 3177 1195 3239 auri
1227 3178 1291 3243 tri·

343 3275 453 3354 ginta,
466 3272 631 3338 donativo
644 3273 791 3337 militum
806 3273 994 3354 profecere.
1035 3272 1226 3340 Combusta
1236 3284 1291 3343 est

344 3372 447 3436 etiam
471 3373 612 3436 abbatia
634 3373 950 3437 sanctimonialium
976 3373 1018 3436 de
1032 3372 1243 3440 Warewella
1266 3395 1291 3442 a

344 3472 493 3554 quodam
506 3472 684 3537 Willelmo
708 3471 750 3535 de
776 3472 871 3554 Ipra,
895 3472 1032 3537 bomine
1054 3473 1214 3553 nefando,
1230 3477 1292 3559 qui

343 3591 406 3635 nec
426 3572 503 3636 Deo
527 3592 590 3635 nec
611 3571 806 3636 hominibus
825 3573 1053 3636 reverentiam
1076 3574 1291 3654 observaret,
1339 3640 1343 3645 .

339 3672 434 3756 qnod
449 3674 486 3736 in
502 3691 543 3736 ea
561 3672 698 3755 quidam
721 3671 949 3754 imperatricis
970 3671 1123 3737 fautores
1146 3692 1185 3738 se
1206 3695 1290 3740 con·

340 3773 446 3837 tutati
462 3780 589 3837 essent.

375 4019 518 4083 mansan
539 4026 568 4073 re
592 4023 798 4074 Manteion...
858 3995 1041 4062 maenaa]
1070 4001 1118 4060 Ec
1142 4003 1289 4055 coenobium

332 4093 482 4157 juraveras]
500 4095 549 4154 n.;
570 4094 673 4143 omittes
685 4095 711 4142 in
727 4093 756 4144 s,
770 4096 799 4143 c.
824 4070 1010 4168 m‘gssflchwum,
1022 4070 1050 4119 S·
1062 4070 1097 4120 D·
1109 4070 1164 4123 Μ.

339 4163 374 4212 D.
387 4165 421 4212 Κ.
434 4164 489 4213 La.
881 4139 973 4204 Dona]
991 4140 1019 4190 S·
1031 4141 1064 4190 E·
1081 4140 1137 4192 tn.
1145 4155 1153 4202 3
1169 4156 1203 4192 ex
1214 4144 1291 4207 dono,

826 4209 860 4257 D.
