2866 4868
110 550 166 591 Au).
176 550 232 589 10³5.

110 601 156 640 ΤΙιε
167 601 217 639 Nor·

111 661 173 690 mono
182 659 249 690 που·

109 701 173 752 fealty
180 703 203 741 to
208 701 261 740 irim.

267 359 333 424 392
490 373 603 422 susm
630 374 756 424 aucuu
781 373 996 424 auouoauu.
1058 358 1144 440 [ms.
1164 373 1218 421 111.

323 533 431 618 §23st
456 532 595 597 Paratis
611 552 693 615 ergo
707 533 865 596 omnibus
883 551 961 616 quae
979 525 1219 613 ¹Ierosolymi-

272 635 345 699 tani
371 635 504 698 itineris
521 635 685 722 viaticum
708 632 944 710 informarent,
968 633 1058 715 apud
1077 632 1220 694 Fiscau·

274 756 356 799 num
389 735 571 798 concilium
602 734 802 817 proceribus
833 733 1004 796 indicitur.
1068 731 1135 808 Ibi,
1161 731 1220 814 ju-

274 838 377 900 bente
396 843 506 918 patre,
528 836 564 897 in
589 854 713 898 nomen
729 842 763 897 et
781 835 880 897 fidem
897 833 1065 897 Willelmi
1082 833 1125 894 ab
1148 851 1221 894 om-

276 937 376 999 nibus
398 936 559 1019 juratur:
583 928 819 998 ²Gislebertus
844 954 959 999 comes
984 940 1080 997 tutor
1100 931 1222 1015 pupilli

230 1044 235 1054 '
276 1036 521 1113 constituitur3
539 1035 648 1099 tutela
662 1036 785 1098 tutoris
803 1029 889 1118 ³regi
900 1036 1112 1098 Francorum
1123 1032 1222 1094 Hen-

118 1465 179 1514 Tlrey
186 1463 243 1503 rebel

119 1515 202 1566 against
214 1514 267 1554 him.

276 1137 348 1200 rico
373 1137 582 1217 assignatur.
635 1135 790 1218 Roberto
822 1144 972 1219 coeptam
998 1135 1091 1198 viam
1119 1153 1224 1214 expe·

278 1236 404 1314 diente,
429 1236 622 1299 Normanni
651 1256 768 1299 omues
791 1237 963 1300 communi
994 1235 1142 1297 umbone
1164 1253 1225 1314 pa-

278 1338 381 1401 triam
396 1356 457 1419 per
469 1356 533 1399 sua
550 1337 696 1429 quisque
718 1339 929 1400 munimenta
944 1336 1062 1412 tutari,
1079 1353 1223 1416 parvum

279 1438 400 1501 herum
417 1457 461 1499 ex
475 1456 590 1499 amore
603 1437 770 1500 venerari.
810 1438 915 1501 Stetit
929 1437 1003 1500 haec
1016 1435 1101 1497 tides
1116 1453 1225 1516 usque

280 1538 325 1601 ad
340 1537 467 1600 famam
490 1537 604 1599 obitus
622 1537 721 1620 ejus;
745 1558 814 1620 qua
836 1539 963 1621 ubique
986 1536 1140 1619 gentium
1156 1535 1226 1595 dis-

280 1639 462 1714 seminata,
478 1657 554 1700 cum
571 1637 643 1702 fato
665 1647 820 1702 mutatus
842 1658 957 1702 amor:
982 1656 1063 1700 mox
1082 1635 1226 1717 quisque

281 1757 345 1801 sua
362 1738 494 1801 munire
513 1738 651 1820 oppida,
668 1747 780 1804 turres
803 1759 918 1820 agere,
940 1737 1112 1800 frumenta
1134 1754 1227 1797 corn-

281 1844 433 1922 portare‚
457 1857 580 1901 causas
601 1841 767 1922 aucupari
791 1839 916 1923 quibus
931 1837 1183 1922 quamprimum
1206 1853 1228 1897 a

281 1958 388 2020 puero
418 1938 597 2001 dissidium
624 1941 883 2004 meditarentur.
936 1939 1035 2002 Iuter
1059 1937 1134 2000 haee
1156 1935 1227 2009 ille,

282 2038 373 2101 haud
404 2039 562 2121 equidem
593 2060 671 2104 reor
700 2042 774 2104 sine
798 2041 865 2104 Dei
898 2039 1030 2102 auxilio
1060 2037 1119 2120 qui
1151 2055 1228 2098 eum

282 2146 381 2202 tanto
411 2139 683 2222 principaturum
714 2140 922 2223 praeviderat
948 2138 1104 2220 imperio,
1133 2142 1229 2200 tutus

225 2237 228 2241 ’
282 2239 523 2317 adolescebat;
548 2259 625 2302 curn
640 2240 735 2303 solus
752 2260 839 2323 pene
855 2238 1070 2303 Gislebertus
1093 2256 1230 2319 aequum

284 2346 320 2402 et
335 2340 462 2402 bonum
478 2339 582 2400 armis
596 2338 819 2405 defensitaret
834 2341 918 2404 suis
964 2338 1090 2403 (laeteri
1107 2337 1231 2400 studiis

284 2439 434 2521 partium
452 2443 656 2519 agebantur.
701 2440 725 2504 J
728 2460 785 2504 am
800 2461 882 2505 vero
900 2433 1098 2504 ⁴interfeeto
1116 2436 1231 2501 Gisle-

284 2540 382 2602 berto
408 2559 430 2602 a
455 2538 643 2622 Radulpho
667 2542 823 2623 patruele
850 2562 926 2619 suo,
953 2541 1080 2623 ubique
1107 2538 1232 2613 caedes,

285 2640 413 2722 ubique
436 2640 535 2720 ignes
552 2641 790 2706 versabantur.
842 2641 1044 2706 Clarissima
1066 2638 1148 2704 olim
1170 2657 1232 2720 pa·

221 2905 225 2912 '
321 2891 535 2971 ¹leros'olymitani
553 2909 672 2975 itineris]
697 2912 747 2961 Ro·
808 2909 905 2972 ³Regi
929 2911 1079 2959 Francorum
1102 2909 1232 2972 Hemina]

284 2977 362 3026 bert's
383 2978 529 3038 expedition
555 2986 581 3029 to
603 2982 746 3031 Jerusalem
774 2981 897 3042 HenryI.

286 3047 379 3096 wesin
392 3051 464 3097 10³5.
481 3048 711 3116 (Bouq.x1.rao.)
807 3049 818 3081 ⁴
834 3051 965 3110 Interfecto
988 3050 1124 3100 Gisleberto
1145 3066 1160 3098 a
1184 3051 1235 3098 Ru·

772 3122 860 3184 dulpko
869 3123 978 3184 patruele
984 3120 1047 3184 sue]
1060 3120 1235 3170 ‘Gislebertus

322 3184 498 3236 Β(ἶίεεῑεῠενέιιετ
518 3203 595 3237 cernes
617 3193 685 3238 tutor
704 3205 750 3252 pu-
774 3206 858 3240 comes
880 3192 997 3253 Ocensis,
1014 3192 1081 3239 tilius
1101 3191 1235 3242 Godefridi

283 3257 341 3321 pilli
347 3257 527 3321 constituitur]
535 3258 750 3309 OrdericusVita·
774 3262 882 3321 comitis,
903 3261 1012 3310 callidus
1035 3267 1060 3309 et
1078 3263 1149 3310 fortis
1168 3267 1236 3310 tutor

281 3331 319 3378 lis
331 3330 427 3389 writes,
437 3329 444 3355 ‘
454 3329 584 3377 Ducatum
601 3345 659 3379 vero
674 3345 749 3379 suum
774 3332 895 3380 Willelmi
905 3334 988 3394 pueri,
1001 3331 1046 3381 sed
1060 3332 1164 3392 domiui,
1175 3348 1236 3394 quo·

288 3399 435 3455 Guillelmu,
451 3404 507 3447 octo
522 3415 644 3448 annorum
661 3415 750 3462 puero,
774 3403 832 3450 dam
852 3418 924 3452 mane
940 3403 1001 3466 dum
1017 3404 1134 3463 equitans
1149 3404 1236 3464 loque·

288 3483 338 3516 non
346 3469 473 3516 rediturus
484 3469 602 3531 reliquit;
614 3471 750 3531 ipsumque
774 3477 844 3520 retur
860 3488 918 3521 cum
933 3478 1059 3534 compatre
1076 3488 1123 3521 suo
1134 3474 1238 3522 Wasce·

289 3537 372 3588 Alauo
390 3540 650 3602 consanguineum,
668 3541 751 3588 Brito·
774 3543 826 3590 lino
848 3543 881 3591 de
903 3544 985 3592 Ponte
1006 3543 1179 3602 Erchensredi,
1201 3545 1236 3592 nil

289 3622 349 3655 num
362 3608 456 3668 comiti,
466 3609 668 3659 commendavit!
691 3610 751 3658 And
775 3612 837 3660 mali
866 3614 1009 3674 suspicans,
1031 3613 1155 3661 occiditur
1178 3629 1236 3663 cum

290 3678 381 3738 again:
403 3677 617 3728 ‘Rebellaverunt
635 3694 752 3740 proceres
776 3682 884 3731 Fulcoio
901 3684 953 3730 filio
972 3683 1069 3731 Geroii.
1104 3683 1161 3732 Hoc
1178 3699 1237 3734 vero

291 3747 454 3797 Normanniae
477 3753 563 3797 contra
585 3749 752 3799 Guillelmum
776 3752 870 3800 melum
899 3752 994 3801 dolosis
1021 3752 1161 3802 hortatibus
1185 3756 1237 3804 Ro-

290 3816 411 3866 infantem
425 3832 433 3877 ;
452 3819 506 3880 qui,
533 3818 594 3866 dum
605 3825 678 3881 pater
696 3822 752 3882 ejus
776 3822 907 3883 dulphide
918 3823 1076 3872 Waceiotilii
1088 3824 1238 3874 Robertiar·

290 3903 348 3936 cum
371 3887 489 3948 Drogoue
512 3889 602 3937 comite
624 3891 673 3939 iter
696 3892 753 3939 iniit
776 3892 932 3954 chiepiscopi
948 3892 1043 3942 factum
1060 3898 1106 3955 est,
1121 3911 1166 3956 per
1185 3911 1239 3944 ma·

291 3957 558 4020 Hierosolymitauurn‚
582 3966 638 4009 octo
660 3963 753 4010 solum·
776 3976 826 4010 nus
847 3963 963 4012 crudeles
986 3963 1084 4013 Odonis
1101 3966 1191 4015 Grossi
1214 3972 1240 4015 et

289 4027 364 4075 modo
383 4031 437 4074 erat
455 4042 585 4090 annorum,
607 4036 632 4079 et
649 4045 665 4079 a
681 4037 753 4092 petre
777 4032 884 4081 audacis
919 4033 1023 4082 Roberti
1058 4035 1104 4082 filii
1133 4036 1239 4086 Geroii.’

289 4098 438 4146 commissus
455 4099 541 4148 tutelae
553 4101 631 4149 Alani
648 4116 752 4151 consan-
778 4101 861 4168 (Will.
885 4102 983 4155 Gemet.
1005 4105 1102 4164 Histor.
1124 4107 1170 4157 lib.
1193 4121 1238 4158 vu.

290 4168 377 4230 guinei
388 4168 438 4230 sui,
449 4170 547 4219 comitis
559 4171 710 4223 Britonurn!
778 4188 801 4222 c.
812 4169 851 4237 1.)
