2866 4868
204 411 342 493 mnu]
427 431 540 482 cussa
566 433 693 484 nncuu
718 436 934 486 nucuonuu.
1087 423 1153 488 677

201 588 335 669 grando
360 592 528 673 percellit,
560 599 750 676 raptusque
781 594 819 658 in
841 593 1001 657 manibus
1029 612 1148 658 eorum

202 687 303 752 vivus
327 690 440 754 adhuc
464 692 501 755 in
525 694 776 775 presbyterium
799 700 880 757 ante
902 693 1013 757 altare
1034 695 1146 759 sancti

201 786 381 854 Pancratii
394 791 556 855 defertur.
612 793 679 856 Ubi
695 793 895 875 aliquandiu
908 793 1145 875 supervivens

199 906 299 953 roseo
321 889 422 954 faciei
443 893 568 955 rubore
591 893 722 970 suavis,
741 893 861 957 eadem
879 892 945 956 diei
971 893 1056 956 bora
1075 913 1146 975 qua

198 988 400 1069 purgandus
420 990 615 1055 infirmatus
648 1000 714 1068 est,
746 993 918 1057 cariturus
948 994 1145 1073 perenniter

198 1088 292 1151 omni
322 1089 426 1167 malo,
454 1110 561 1173 purus
590 1092 754 1173 migravit
786 1092 831 1155 ad
857 1091 1044 1156 Christum.
1097 1093 1144 1158 Et

198 1185 278 1250 vide
303 1208 408 1270 quam
432 1183 651 1255 ¹mirabiliter
675 1193 711 1255 in
743 1212 785 1256 eo
813 1199 937 1256 cuncta
961 1211 1142 1258 concurre-

197 1294 296 1351 runt:
323 1289 441 1371 passio
468 1290 560 1356 servi
584 1310 662 1355 cum
688 1293 847 1375 passione
870 1292 1033 1370 Domini;
1057 1290 1143 1357 hora

196 1384 392 1469 incipientis
404 1389 628 1467 infirmitatis,
640 1411 718 1455 cum
729 1390 815 1455 hora
829 1391 1025 1474 incipientis
1041 1399 1140 1456 aeter·

196 1504 252 1550 nae
277 1488 419 1569 salutis3
443 1490 597 1574 quinque
617 1491 690 1554 dies
706 1510 792 1573 quos
816 1493 981 1556 sustinuit
998 1492 1140 1573 aegritu-

196 1584 298 1664 dinis,
313 1590 427 1670 quinis
443 1591 597 1674 corporis
610 1591 779 1667 sensibus
797 1592 923 1674 quibus
940 1611 1040 1654 nemo
1050 1593 1140 1657 vitat

193 1694 386 1768 peccatum,
408 1690 646 1755 emundandis,
698 1690 809 1756 Porro
830 1691 921 1773 quod
941 1689 1062 1774 quinto
1084 1692 1139 1756 die

195 1785 340 1851 necdum
352 1795 530 1855 transacto
543 1791 702 1869 decessit,
716 1799 756 1856 ut
768 1785 912 1867 ²remur,
933 1791 1047 1853 innuit
1060 1810 1138 1853 eum

194 1883 231 1946 in
244 1885 367 1952 ultimo
382 1908 498 1967 sensu,
512 1891 573 1973 qui
588 1896 704 1955 tactus
720 1889 858 1967 dicitur,
873 1909 942 1952 non
954 1889 1137 1972 perfecisse

192 1993 385 2066 peccatum.
437 1989 557 2054 Tertia
575 2008 656 2053 vero
683 1989 751 2053 diei
774 1990 871 2066 hora,
890 2007 961 2071 qua
985 1988 1137 2052 01111111-

192 2092 308 2149 matus
335 2095 389 2152 est
417 2096 453 2153 et
481 2088 657 2153 moriendo
684 2089 852 2153 invitam
882 2089 1059 2169 ingressus
1083 2095 1137 2152 est

193 2191 371 2264 aeternam,
385 2187 469 2271 quid
488 2187 581 2252 alind
601 2188 757 2252 insinuat
770 2207 875 2270 quam
892 2187 1036 2251 eandem
1058 2187 1136 2271 Spi-

191 2282 279 2350 ritus
297 2285 416 2352 Sancti
430 2289 590 2370 gratiam,
608 2307 678 2371 qua
699 2306 833 2353 omnem
849 2287 925 2371 ejus
941 2288 1049 2352 vitam
1070 2309 1136 2370 gu-

189 2384 368 2450 bernatam
394 2389 646 2469 cognoscimus
673 2395 709 2452 et
728 2386 903 2451 infirmato
933 2396 969 2452 et
996 2388 1136 2453 obeunti

190 2484 370 2551 evidenter
383 2486 545 2552 affuisset
590 2488 640 2553 Ut
654 2488 757 2552 etiam
772 2506 848 2552 esse
864 2507 1049 2571 supparem
1065 2489 1135 2552 illis

191 2585 348 2666 patribus
363 2587 502 2666 nostris,
516 2580 648 2652 ³Odoni
662 2587 794 2652 scilicet
809 2596 915 2671 atque
932 2587 1084 2664 Odiloni,
1100 2596 1135 2652 et

190 2684 314 2750 merito
330 2692 366 2750 et
381 2687 536 2769 praemio,
551 2707 622 2752 non
641 2686 867 2770 ambigamus,
885 2688 1020 2769 insigne
1033 2687 1134 2769 quid-

189 2781 270 2847 dam
293 2784 363 2849 illis
390 2804 591 2852 concessum
614 2787 694 2852 huic
719 2807 858 2870 quoque
881 2787 1046 2852 collatum
1068 2793 1133 2851 est.

189 2880 277 2948 Cum
292 2885 384 2949 enim
406 2887 475 2950 illis
493 2887 679 2951 contulerit
696 2887 868 2951 Dominus
884 2893 924 2950 ut
939 2893 1064 2950 octavo
1079 2887 1134 2950 die

187 2980 434 3052 solennitatum
448 3007 537 3069 quas
560 3008 632 3071 prae
649 2987 785 3052 caeteris
799 2985 991 3068 diligebant
1006 2987 1133 3050 transi-

187 3089 285 3164 rent3
308 3103 389 3149 nam
405 3094 441 3151 et
455 3088 579 3164 beatus
593 3085 910 3152 Odo'festivitatem
926 3086 1020 3148 beati
1035 3085 1133 3148 Mar-

187 3181 263 3259 tini,
284 3191 321 3248 et
345 3184 606 3251 sanctus'Odilo
624 3184 856 3250 Nativitatem
879 3185 1021 3249 Domini
1043 3204 1133 3265 prae·

186 3281 286 3365 cipue
311 3286 489 3363 amabant,
513 3286 550 3349 in
578 3305 723 3368 quorum
752 3291 877 3350 octava
903 3283 958 3348 die
987 3290 1132 3366 uterque

184 3380 354 3462 decessit3
378 3384 518 3449 domino
536 3385 703 3463 Lanzoni,
718 3385 778 3467 qui
791 3403 863 3466 prae
878 3383 1012 3448 caeteris
1028 3381 1132 3468 hujus

184 3482 252 3546 aevi
266 3481 461 3550 hominibus
477 3484 631 3567 regulam
647 3485 760 3549 sancti
775 3483 955 3548 Benedicti
968 3484 1132 3547 observa·

183 3581 256 3661 bat,
280 3591 315 3648 et
336 3585 475 3650 beatam
492 3585 559 3649 Dei
581 3583 783 3667 genitricem
805 3583 949 3667 ejusque
977 3581 1133 3646 solennia

182 3681 350 3766 singulari
368 3686 599 3750 venerabatur
622 3683 760 3761 affectu,
785 3683 944 3760 contulit,
967 3688 1005 3745 ut
1028 3681 1133 3746 solita

216 3951 226 3984 ¹
237 3952 411 4017 Min-militen]
428 3951 462 4004 Δ.
474 3953 502 4003 S.
521 3954 557 4003 D.
573 3953 645 4013 aaa
670 3950 738 4014 Odo,
748 3951 841 4001 second
859 3950 935 3999 abbot
945 3949 974 3998 oi
982 3948 1068 4011 Cluui,
1078 3964 1133 3999 was

181 4024 347 4085 mutabiliter,
360 4025 432 4074 cdi.
566 4051 568 4054 v
670 4021 777 4070 founder
792 4022 821 4070 of
835 4021 877 4069 the
894 4020 1001 4069 Cluniae
1027 4020 1082 4068 rule
1106 4021 1133 4068 in

218 4088 355 4161 ²Rmur.]
374 4096 404 4143 0.
417 4091 453 4142 D.
466 4093 514 4154 E.;
535 4089 646 4153 reond.
671 4091 790 4140 thetenth
798 4095 912 4151 century.
943 4089 1134 4138 Odilowasthe
1156 4140 1159 4148 ,

181 4162 278 4213 Mi.
672 4160 726 4209 lilth
751 4161 827 4210 abbot
848 4160 878 4209 of
895 4159 983 4221 Cluui,
1005 4159 1055 4208 aud
1078 4174 1136 4210 suc·

216 4229 227 4261 ⁸
243 4231 323 4281 Odoui
334 4231 428 4281 scilieet
439 4235 510 4296 utque
523 4223 644 4297 octona]
672 4230 767 4280 cecded
778 4232 804 4279 in
815 4234 873 4280 994.
922 4305 944 4369 2

960 4322 984 4368 Y
