2866 4868
181 2309 237 2349 M).
248 2310 303 2348 1126.

181 2502 307 2542 settlement

180 2552 204 2590 ot'
210 2552 246 2591 the
255 2563 302 2592 suc-

181 2602 270 2642 cession.

345 429 410 493 690
631 444 804 492 ΗιετοκιΑ
828 442 1008 489 novenni.
1168 425 1254 506 [mr.
1270 438 1294 484 1.

344 600 435 663 inter
458 619 495 662 sc
518 607 552 662 ct
566 597 852 680 Andagavenscm
873 599 1032 662 comitem
1057 617 1179 680 pacem
1202 618 1295 661 com·

345 707 500 782 poneret.
553 699 682 763 Mirum
706 699 797 761 enim
822 698 858 761 in
885 697 1024 761 modum
1045 699 1098 762 vir
1121 697 1194 776 ille,
1221 717 1294 762 om-

345 800 438 862 nium
456 819 575 879 regum
591 818 679 880 quos
697 805 816 861 nostra
830 805 865 861 et
877 798 981 861 etiam
1001 805 1139 880 patrum
1157 805 1295 863 nostro·

345 918 421 960 rum
448 903 542 962 tenet
565 898 731 961 memoria
748 896 933 974 maximus,
960 904 1156 978 suspectam
1177 905 1295 962 tamen

345 1017 481 1081 semper
494 997 614 1062 habuit
629 996 934 1078 Andegavcnsium
951 997 1150 1078 potentiam.
1200 996 1295 1061 Hinc

345 1099 503 1180 estquod
522 1091 744 1180 ¹sponsalitia
760 1116 838 1178 quae
852 1095 1049 1159 Willelmus
1063 1115 1171 1179 nepos
1196 1116 1295 1174 suus,

345 1217 459 1261 comes
482 1204 604 1279 postea
625 1196 812 1272 Flandriae,
827 1216 906 1259 cum
927 1196 1000 1259 filia
1021 1197 1157 1260 comitis
1175 1195 1295 1261 Ande·

343 1297 505 1380 gavensis
531 1282 707 1373 FulconiS,
730 1302 853 1378 postea
874 1297 966 1377 regis
989 1294 1295 1379 lerosolymorum,

344 1402 584 1459 contracturus
596 1415 671 1459 esse
680 1389 890 1472 ²videbatur,
905 1394 1064 1459 dissolvit
1080 1402 1115 1459 et
1129 1396 1292 1461 cassavit.

345 1495 439 1558 Hinc
472 1503 526 1559 est
553 1494 646 1577 quod
674 1495 778 1558 aliam
804 1496 959 1579 ejusdem
989 1495 1096 1559 filiam
1124 1495 1197 1560 filio
1230 1515 1294 1561 suo

344 1595 519 1659 Willclmo
535 1594 667 1677 impubi
682 1595 840 1658 vixdum
852 1595 1062 1659 adolescenti
1079 1588 1293 1680 ³conjunxit.

345 1694 440 1758 Hinc
463 1703 517 1759 est
543 1696 635 1777 quod
658 1695 747 1759 hanc
769 1695 875 1759 filiam
899 1714 996 1758 suam
1018 1693 1079 1779 (de
1104 1714 1174 1778 qua
1201 1695 1295 1760 ince-

343 1796 455 1877 pimus
472 1792 597 1877 loqui)‚
609 1803 689 1877 post
705 1795 963 1877 imperatorium
977 1794 1128 1872 thorum,
1136 1794 1294 1878 ejusdem

345 1893 507 1958 Fulconis
546 1894 617 1958 filio
648 1902 795 1977 nuptum
826 1894 1022 1971 collocavit,
1060 1894 1151 1959 sicut
1179 1914 1295 1960 sermo

343 1994 532 2075 procedens
546 1995 658 2058 dicere
674 2000 807 2077 perget.

531 2183 578 2228 DE
601 2183 768 2231 coNclulo
791 2182 926 2229 ΗΑΒΙΤΟ
948 2180 1103 2229 LONDON.

394 2290 469 2372 Μ.
497 2289 602 2355 Anno
629 2291 793 2355 vicesimo
821 2291 968 2373 septimo
999 2283 1114 2372 ⁴regni
1142 2291 1199 2354 sui
1229 2310 1293 2356 rex

344 2389 518 2453 Henricus
545 2389 710 2471 Angliam
736 2391 831 2454 venit
857 2408 973 2452 mense
1000 2389 1206 2473 Septembri,
1232 2390 1295 2455 ad·

343 2489 471 2553 ducens
489 2509 606 2553 secum
621 2490 727 2554 filiam
742 2508 851 2553 suam.
888 2489 1056 2552 Proximo
1069 2509 1152 2554 vero
1169 2489 1294 2555 Natali

343 2589 484 2652 Domini
506 2598 697 2659 convocato
713 2590 806 2671 apud
821 2588 1036 2653 Londoniam
1058 2608 1186 2672 magno
1207 2591 1292 2655 cleri

343 2696 379 2752 et
392 2689 596 2770 optimatum
613 2709 766 2765 numero,
783 2689 885 2752 uxori
901 2708 986 2765 suae,
1007 2688 1088 2752 filiae
1103 2690 1202 2753 ducis
1221 2690 1291 2755 Lo·

342 2789 541 2865 vannensis,
563 2809 667 2872 quam
689 2797 768 2871 post
791 2788 923 2853 obitum
949 2786 1107 2852 Matildis
1128 2789 1292 2869 duxerat,

341 2889 542 2953 comitatum
579 2889 820 2971 Salopesbiriae
850 2888 965 2952 dedit:
998 2907 1101 2970 quam
1128 2889 1292 2956 videlicet

341 2987 518 3052 foeminam
536 2988 655 3052 dolens
673 3008 743 3053 non
767 2990 958 3071 concipere,
974 2988 1054 3051 dum
1070 2995 1104 3052 et
1120 2998 1291 3071 perpetuo

340 3089 493 3152 sterilem
510 3089 584 3151 fore
600 3089 749 3165 timeret,
767 3089 810 3151 de
826 3107 1024 3152 successore
1046 3089 1144 3169 regui
1167 3090 1291 3156 merito

341 3188 466 3251 anxius
480 3188 668 3269 cogitabat.
722 3187 776 3251 De
793 3208 862 3270 qua
876 3207 912 3251 rc
928 3195 1032 3252 antea
1049 3189 1197 3251 multum
1212 3189 1290 3254 diu-

341 3308 407 3369 que
421 3282 657 3352 ⁵considerato
681 3287 837 3364 consilio,
855 3294 937 3350 tunc
953 3288 990 3350 in
1006 3288 1125 3351 codem
1144 3290 1290 3355 concilio

340 3407 458 3451 omnes
477 3388 583 3451 totius
606 3386 746 3469 Angliae
763 3389 959 3471 optimates
982 3387 1162 3470 episcopos
1184 3390 1290 3454 etiam

340 3494 375 3550 et
389 3488 544 3564 abbates
559 3495 774 3552 sacramento
791 3487 909 3568 adegit
925 3495 961 3550 et
976 3488 1175 3566 obstrinxit,
1192 3497 1243 3567 ut,
1259 3491 1289 3553 si

339 3587 412 3668 ipse
443 3587 517 3651 sine
544 3586 679 3651 haerede
708 3588 861 3651 masculo
887 3587 1079 3664 decederet,
1106 3587 1289 3653 Matildem

339 3686 443 3751 filiam
467 3706 566 3750 suam
582 3687 756 3770 quondam
777 3686 1029 3769 imperatricem
1051 3688 1290 3753 incunctanter

373 3941 543 4007 ¹Spomulitiu
556 3979 563 3995 .
576 3979 583 3993 .
596 3980 603 3994 .
614 3946 740 4010 consevit]
752 3946 800 3996 See
859 3943 1031 4009 ⁴Regnisui.]
1039 3947 1067 3996 S.
1080 3948 1109 3996 C.
1118 3947 1216 3999 D.E2.
1228 3948 1289 4010 [ὣς

338 4013 351 4075 ξ
362 4018 421 4075 419,
431 4030 457 4076 p.
470 4019 528 4076 654,
538 4019 596 4064 note
607 4011 626 4065 ².
823 4015 927 4065 omitted
937 4017 964 4064 in
976 4018 1000 4064 E
1008 4021 1032 4064 l.

372 4080 383 4113 ²
404 4084 559 4149 Videbatur]
584 4085 634 4146 E.;
659 4085 800 4148 dicebatur,

338 4155 366 4203 S.
380 4154 523 4203 G.D.L2.
858 4149 1062 4223 ‘Consideruto.]
1084 4157 1117 4206 Ε.
1133 4156 1206 4218 L2.;
1225 4157 1290 4207 deli·

371 4218 548 4291 werpum]
561 4224 608 4274 See
620 4225 731 4286 §419,p.
740 4228 798 4274 652.
822 4227 918 4287 beruto,
929 4226 958 4275 S.
972 4226 1019 4286 G.;
1036 4225 1189 4288 desiderato,
1201 4227 1236 4278 D.
