2866 4868
129 416 199 464 nm.
219 400 278 482 11.]
421 414 595 464 nrsronm
617 413 796 464 Novanus.
1014 400 1080 466 729

131 577 272 641 abbatia
287 575 330 638 de
344 574 509 640 Hortuna
525 574 669 657 proinde
683 574 859 639 destructa
880 580 916 637 et
931 572 1079 657 adjecta.
1091 599 1241 650 rogerum„

125 676 223 742 -Haec
242 684 397 759 tempore
411 676 503 758 regis
521 675 678 752 Henrici,
692 676 756 739 sub
775 694 843 757 quo
859 694 914 748 res
931 674 1007 758 ejus
1023 673 1081 761 (ut
1091 651 1234 700 mm

131 773 224 862 dixi)
252 777 387 858 magnis
414 776 629 841 successibus
657 775 866 840 floruerunt:
899 775 960 838 sed
989 775 1080 840 enim

131 878 197 942 sub
222 876 399 960 Stephano
424 871 523 958 ¹rege
548 875 658 963 (sicut
689 872 856 960 praedixi)
881 883 974 940 retro
1001 878 1080 941 sub

131 977 241 1061 lapsae
259 984 361 1058 sunt;
385 978 452 1041 nisi
469 977 561 1060 quod
583 976 620 1040 in
642 977 742 1041 initio
756 977 855 1058 regni
877 977 952 1060 ejus
975 997 1082 1061 nepo-

131 1078 225 1143 tibus
241 1079 325 1156 suis,
349 1077 410 1140 uni
432 1078 686 1155 cancellariam,
701 1077 802 1141 alteri
817 1076 1080 1157 thesaurariam,

132 1179 199 1243 sibi
232 1180 381 1260 burgum
412 1178 658 1243 Malmesbiriae
688 1177 898 1261 impetravit,
936 1179 1080 1243 subinde

130 1299 215 1361 rege
228 1278 455 1343 familiaribus
471 1280 543 1343 suis
564 1279 811 1361 ingeminante,
829 1277 920 1342 ‘Per
933 1298 1079 1343 nascen-

132 1379 217 1444 tiam
232 1378 299 1444 Dei
311 1380 319 1444 !
331 1380 550 1444 medietatem
560 1377 700 1461 Angliae
713 1379 831 1443 darem
842 1379 886 1457 ei,
895 1379 926 1442 si
935 1387 1079 1463 peteret,

130 1479 242 1544 donec
267 1487 403 1561 tempus
425 1487 661 1563 pertranseat:
686 1486 767 1543 ante
791 1478 927 1544 deficiet
947 1480 1021 1562 ipse
1043 1481 1079 1544 iu

131 1579 293 1664 petendo,
309 1599 412 1662 quam
427 1599 493 1663 ego
507 1580 543 1643 in
557 1579 696 1644 dando’
747 1579 1001 1645 Posterioribus
1017 1599 1080 1645 an·

132 1680 187 1744 nis
213 1679 364 1759 fortuna,
381 1680 525 1744 nimium
549 1689 584 1745 et
605 1687 687 1744 ante
705 1679 765 1744 diu
787 1680 819 1743 ei
843 1680 1011 1759 blandita,
1034 1681 1079 1745 ad

131 1787 324 1845 extremum
350 1781 549 1864 scorpiacea
570 1780 753 1846 crudeliter
775 1780 947 1844 bominem
968 1780 1080 1846 cauda

131 1881 314 1964 percussit.
366 1880 479 1959 Quale
503 1881 569 1946 fuit
592 1881 690 1958 illud,
715 1881 807 1965 quod
830 1887 910 1945 ante
932 1901 994 1945 ora
1015 1901 1081 1946 sua

132 1980 220 2045 vidit
234 1981 389 2046 homines
410 1982 496 2045 bene
518 1981 561 2046 de
581 2002 619 2045 se
641 1981 781 2046 meritos
801 1972 1080 2059 sauciari,'fami·

131 2080 352 2146 liarissimum
369 2076 531 2147 ²militem
546 2082 768 2147 obtruncari:
791 2089 931 2164 postero
952 2081 1008 2146 die
1023 2102 1080 2147 se-

131 2181 257 2264 ipsum,
273 2181 331 2269 (ut
346 2202 453 2266 supra
473 2183 567 2247 fatus
590 2178 697 2267 sum,)
712 2190 747 2247 et
761 2189 905 2264 nepotes
922 2202 1003 2247 suos
1016 2203 1080 2265 po·

131 2281 344 2347 tentissimos
370 2283 562 2366 episcopos,
584 2302 689 2346 unum
714 2282 840 2364 fugari,
858 2282 1004 2347 alterum
1027 2290 1079 2347 te·

128 2381 220 2460 neri,
251 2384 404 2462 tertium,
432 2383 691 2448 dilectissimum
718 2383 784 2447 sibi
814 2382 1079 2463 adolescentem,

128 2482 353 2566 compedibus
367 2484 508 2549 vinciri:
526 2491 606 2566 post
620 2483 844 2547 redditionem
858 2484 1080 2549 castellorum

133 2581 316 2647 thesauros
337 2603 419 2648 suos
441 2583 555 2666 diripi,
572 2591 607 2648 et
631 2603 669 2648 se
693 2582 912 2667 postmodum
935 2585 972 2649 in
997 2605 1079 2649 con·

132 2682 213 2747 cilio
229 2682 428 2748 foedissimis
441 2684 601 2749 convitiis
622 2683 817 2766 proscindi:
841 2683 885 2747 ad
908 2685 1080 2763 ultimum,

132 2802 211 2847 cum
228 2783 321 2867 apud
337 2783 557 2849 Salesbiriam
574 2803 662 2866 pene
680 2783 859 2848 anhelaret
875 2785 911 2848 in
935 2786 1079 2863 exitum,

133 2884 296 2966 quicquid
320 2885 495 2948 residuum
518 2892 593 2949 erat
614 2904 831 2948 nummorum
855 2892 890 2949 et
905 2905 1080 2963 vasorum,

133 2983 225 3067 quod
242 2984 373 3049 scilicet
386 2985 430 3049 ad
445 2984 687 3067 perficiendam
709 2984 889 3048 ecclesiam
911 3005 1016 3067 super
1029 2985 1080 3049 al-

133 3090 208 3148 tare
233 3094 408 3167 posuerat,
437 3104 475 3148 se
504 3085 614 3149 invito
641 3085 824 3167 asportari.
875 3084 1080 3149 Extremum

133 3191 218 3266 puto
240 3185 461 3263 calamitatis,
483 3185 583 3269 cujus
601 3185 705 3248 etiam
727 3203 783 3247 me
807 3184 958 3262 miseret,
976 3185 1081 3267 quod,
1120 3227 1123 3231 «

133 3302 211 3347 cum
228 3285 347 3350 multis
364 3287 468 3350 miser
482 3285 667 3363 videretur,
687 3283 903 3368 paucissimis
920 3292 996 3349 erat
1017 3286 1081 3348 mi·

133 3385 312 3466 serabilis;
329 3393 465 3450 tantum
478 3385 598 3450 livoris
616 3393 652 3450 et
663 3385 733 3449 odii
747 3404 792 3448 ex
805 3386 911 3449 nimia
925 3386 1082 3468 potentia

133 3492 368 3563 contraxerat,
400 3492 436 3550 et
462 3485 633 3550 immerito
670 3484 763 3569 apud
794 3485 963 3570 quosdam
994 3505 1081 3569 quos

129 3584 238 3649 etiam
251 3586 440 3650 honoribus
458 3593 616 3651 auxerat.

299 3775 347 3822 DE
370 3774 629 3826 INSTlTUTIONE
651 3777 907 3826 ABBATIARUM.

184 3883 266 3970 §33.
280 3883 385 3950 Anno
400 3886 572 3950 incarnati
579 3886 688 3951 Verbi
702 3887 884 3951 millesimo
896 3886 1083 3952 centesimo
1094 3903 1151 3993 popli
1161 3904 1223 3993 ἓξὲξ-ι

133 3985 397 4068 quadragesimo
420 3986 581 4051 monachi
607 3987 821 4052 abbatiarum
850 4006 937 4069 quas
965 3987 1225 4105 Rege-gwerra

167 4211 279 4278 ¹rage.]
297 4215 346 4276 s.;
363 4213 466 4264 omitted
478 4215 504 4263 in
517 4214 546 4264 s.
559 4214 593 4264 n.
655 4209 805 4276 austrae]
828 4213 858 4264 s.
877 4214 911 4264 n.
931 4215 986 4266 rra.
1011 4217 1084 4280 ιω

131 4285 186 4335 nr.
619 4283 804 4347 missumst.
