<?xml version="1.0" encoding="UTF-8"?>
<!DOCTYPE html PUBLIC "-//W3C//DTD XHTML 1.0 Transitional//EN"
    "http://www.w3.org/TR/xhtml1/DTD/xhtml1-transitional.dtd">
<html xmlns="http://www.w3.org/1999/xhtml" xml:lang="en" lang="en">
 <head>
  <title>
</title>
<meta http-equiv="Content-Type" content="text/html;charset=utf-8" />
  <meta name='ocr-system' content='tesseract 3.04.00' />
  <meta name='ocr-capabilities' content='ocr_page ocr_carea ocr_par ocr_line ocrx_word'/>
</head>
<body>
  <div class='ocr_page' id='page_1' title='image "./gestaregumanglo00willgoog_0034.png"; bbox 0 0 2866 4868; ppageno 0'>
   <div class='ocr_carea' id='block_1_1' title="bbox 190 409 1140 493">
    <p class='ocr_par' dir='ltr' id='par_1_1' title="bbox 190 409 1140 493">
     <span class='ocr_line' id='line_1_1' title="bbox 190 409 1140 493; baseline 0.001 -22"><span class='ocrx_word' id='word_1_1' title='bbox 190 409 348 493; x_wconf 75' lang='lat' dir='ltr'><strong>marm]</strong></span> <span class='ocrx_word' id='word_1_2' title='bbox 422 425 536 474; x_wconf 79' lang='lat' dir='ltr'><strong>cnsrn</strong></span> <span class='ocrx_word' id='word_1_3' title='bbox 559 425 685 476; x_wconf 80' lang='lat' dir='ltr'><strong>cnsuu</strong></span> <span class='ocrx_word' id='word_1_4' title='bbox 710 425 923 474; x_wconf 77' lang='lat' dir='ltr'><strong>nnccouuu.</strong></span> <span class='ocrx_word' id='word_1_5' title='bbox 1075 409 1140 472; x_wconf 86' lang='grc'><strong>411</strong></span> 
     </span>
    </p>
   </div>
   <div class='ocr_carea' id='block_1_2' title="bbox 178 581 1273 3069">
    <p class='ocr_par' dir='ltr' id='par_1_2' title="bbox 187 581 1273 1066">
     <span class='ocr_line' id='line_1_2' title="bbox 191 581 1273 664; baseline 0.004 -22"><span class='ocrx_word' id='word_1_6' title='bbox 191 583 435 664; x_wconf 83' lang='lat' dir='ltr'><strong>metonymiam</strong></span> <span class='ocrx_word' id='word_1_7' title='bbox 466 583 603 647; x_wconf 88' lang='lat' dir='ltr'><strong>dicitnr.</strong></span> <span class='ocrx_word' id='word_1_8' title='bbox 656 581 886 663; x_wconf 82' lang='lat' dir='ltr'><strong>Congregatis</strong></span> <span class='ocrx_word' id='word_1_9' title='bbox 915 581 1139 664; x_wconf 91' lang='lat' dir='ltr'><strong>undecunque</strong></span> <span class='ocrx_word' id='word_1_10' title='bbox 1151 600 1206 642; x_wconf 72' lang='lat' dir='ltr'><strong>un.</strong></span> <span class='ocrx_word' id='word_1_11' title='bbox 1218 604 1273 645; x_wconf 79' lang='lat' dir='ltr'><strong>rm.</strong></span> 
     </span>
     <span class='ocr_line' id='line_1_3' title="bbox 191 681 1138 767; baseline 0.005 -25"><span class='ocrx_word' id='word_1_12' title='bbox 191 681 350 759; x_wconf 77' lang='lat' dir='ltr'><strong>navibuS,</strong></span> <span class='ocrx_word' id='word_1_13' title='bbox 375 682 459 746; x_wconf 86' lang='lat' dir='ltr'><strong>felix</strong></span> <span class='ocrx_word' id='word_1_14' title='bbox 485 684 752 767; x_wconf 80' lang='lat' dir='ltr'>exspectabatur</span> <span class='ocrx_word' id='word_1_15' title='bbox 781 701 867 746; x_wconf 90' lang='lat' dir='ltr'><strong>aura</strong></span> <span class='ocrx_word' id='word_1_16' title='bbox 889 702 967 764; x_wconf 84' lang='lat' dir='ltr'><strong>quae</strong></span> <span class='ocrx_word' id='word_1_17' title='bbox 990 682 1069 747; x_wconf 90' lang='lat' dir='ltr'><strong>illas</strong></span> <span class='ocrx_word' id='word_1_18' title='bbox 1093 684 1138 747; x_wconf 90' lang='lat' dir='ltr'><strong>ad</strong></span> 
     </span>
     <span class='ocr_line' id='line_1_4' title="bbox 191 776 1137 862; baseline 0.005 -19"><span class='ocrx_word' id='word_1_19' title='bbox 191 780 400 845; x_wconf 84' lang='lat' dir='ltr'><strong>destinatum</strong></span> <span class='ocrx_word' id='word_1_20' title='bbox 418 776 547 847; x_wconf 90' lang='lat' dir='ltr'><strong>¹locum</strong></span> <span class='ocrx_word' id='word_1_21' title='bbox 569 784 738 849; x_wconf 79' lang='lat' dir='ltr'><strong>eveheret.</strong></span> <span class='ocrx_word' id='word_1_22' title='bbox 791 782 871 862; x_wconf 86' lang='lat' dir='ltr'><strong>Qua</strong></span> <span class='ocrx_word' id='word_1_23' title='bbox 886 783 1004 846; x_wconf 89' lang='lat' dir='ltr'><strong>multis</strong></span> <span class='ocrx_word' id='word_1_24' title='bbox 1017 783 1137 848; x_wconf 89' lang='lat' dir='ltr'><strong>diebus</strong></span> 
     </span>
     <span class='ocr_line' id='line_1_5' title="bbox 189 883 1135 966; baseline 0.006 -24"><span class='ocrx_word' id='word_1_25' title='bbox 189 890 395 961; x_wconf 83' lang='lat' dir='ltr'><strong>remorante,</strong></span> <span class='ocrx_word' id='word_1_26' title='bbox 410 883 536 965; x_wconf 84' lang='lat' dir='ltr'><strong>vulgus</strong></span> <span class='ocrx_word' id='word_1_27' title='bbox 559 885 718 963; x_wconf 90' lang='lat' dir='ltr'><strong>militurn,</strong></span> <span class='ocrx_word' id='word_1_28' title='bbox 738 891 778 948; x_wconf 91' lang='lat' dir='ltr'><strong>ut</strong></span> <span class='ocrx_word' id='word_1_29' title='bbox 792 883 865 947; x_wconf 88' lang='lat' dir='ltr'><strong>ficri</strong></span> <span class='ocrx_word' id='word_1_30' title='bbox 887 883 988 961; x_wconf 90' lang='lat' dir='ltr'><strong>solet,</strong></span> <span class='ocrx_word' id='word_1_31' title='bbox 1005 903 1067 966; x_wconf 91' lang='lat' dir='ltr'><strong>per</strong></span> <span class='ocrx_word' id='word_1_32' title='bbox 1082 890 1135 948; x_wconf 90' lang='lat' dir='ltr'><strong>ta·</strong></span> 
     </span>
     <span class='ocr_line' id='line_1_6' title="bbox 187 981 1136 1066; baseline 0.003 -22"><span class='ocrx_word' id='word_1_33' title='bbox 187 981 374 1046; x_wconf 90' lang='lat' dir='ltr'><strong>bernacula</strong></span> <span class='ocrx_word' id='word_1_34' title='bbox 386 984 613 1049; x_wconf 83' lang='lat' dir='ltr'><strong>mussitabat:</strong></span> <span class='ocrx_word' id='word_1_35' title='bbox 636 985 788 1048; x_wconf 86' lang='lat' dir='ltr'><strong>insanire</strong></span> <span class='ocrx_word' id='word_1_36' title='bbox 800 983 972 1049; x_wconf 84' lang='lat' dir='ltr'><strong>hominem</strong></span> <span class='ocrx_word' id='word_1_37' title='bbox 989 983 1049 1066; x_wconf 94' lang='lat' dir='ltr'><strong>qui</strong></span> <span class='ocrx_word' id='word_1_38' title='bbox 1063 984 1136 1048; x_wconf 85' lang='lat' dir='ltr'><strong>vel-</strong></span> 
     </span>
    </p>

    <p class='ocr_par' dir='ltr' id='par_1_3' title="bbox 187 1080 1135 1669">
     <span class='ocr_line' id='line_1_7' title="bbox 189 1080 1135 1170; baseline 0.003 -26"><span class='ocrx_word' id='word_1_39' title='bbox 189 1080 238 1145; x_wconf 87' lang='lat' dir='ltr'><strong>let</strong></span> <span class='ocrx_word' id='word_1_40' title='bbox 253 1083 403 1147; x_wconf 90' lang='lat' dir='ltr'><strong>alienum</strong></span> <span class='ocrx_word' id='word_1_41' title='bbox 419 1084 530 1149; x_wconf 91' lang='lat' dir='ltr'><strong>solum</strong></span> <span class='ocrx_word' id='word_1_42' title='bbox 546 1086 583 1150; x_wconf 92' lang='lat' dir='ltr'><strong>in</strong></span> <span class='ocrx_word' id='word_1_43' title='bbox 591 1085 653 1170; x_wconf 88' lang='lat' dir='ltr'><strong>jus</strong></span> <span class='ocrx_word' id='word_1_44' title='bbox 674 1105 774 1150; x_wconf 90' lang='lat' dir='ltr'><strong>suum</strong></span> <span class='ocrx_word' id='word_1_45' title='bbox 796 1083 997 1164; x_wconf 78' lang='lat' dir='ltr'><strong>refundere3</strong></span> <span class='ocrx_word' id='word_1_46' title='bbox 1021 1084 1135 1148; x_wconf 90' lang='lat' dir='ltr'><strong>Deum</strong></span> 
     </span>
     <span class='ocr_line' id='line_1_8' title="bbox 188 1185 1134 1272; baseline 0.003 -29"><span class='ocrx_word' id='word_1_47' title='bbox 188 1190 310 1247; x_wconf 90' lang='lat' dir='ltr'><strong>contra</strong></span> <span class='ocrx_word' id='word_1_48' title='bbox 322 1185 475 1272; x_wconf 86' lang='lat' dir='ltr'><strong>tendere,</strong></span> <span class='ocrx_word' id='word_1_49' title='bbox 488 1186 548 1268; x_wconf 93' lang='lat' dir='ltr'><strong>qui</strong></span> <span class='ocrx_word' id='word_1_50' title='bbox 562 1193 704 1251; x_wconf 85' lang='lat' dir='ltr'><strong>ventum</strong></span> <span class='ocrx_word' id='word_1_51' title='bbox 719 1193 871 1265; x_wconf 82' lang='lat' dir='ltr'><strong>arceret3</strong></span> <span class='ocrx_word' id='word_1_52' title='bbox 893 1185 984 1249; x_wconf 90' lang='lat' dir='ltr'><strong>idem</strong></span> <span class='ocrx_word' id='word_1_53' title='bbox 1001 1191 1134 1267; x_wconf 89' lang='lat' dir='ltr'><strong>patrem</strong></span> 
     </span>
     <span class='ocr_line' id='line_1_9' title="bbox 189 1282 1134 1368; baseline 0.001 -22"><span class='ocrx_word' id='word_1_54' title='bbox 189 1282 352 1361; x_wconf 85' lang='lat' dir='ltr'><strong>voluisse,</strong></span> <span class='ocrx_word' id='word_1_55' title='bbox 374 1285 562 1368; x_wconf 88' lang='lat' dir='ltr'><strong>eodemque</strong></span> <span class='ocrx_word' id='word_1_56' title='bbox 589 1286 690 1351; x_wconf 89' lang='lat' dir='ltr'><strong>modo</strong></span> <span class='ocrx_word' id='word_1_57' title='bbox 713 1286 918 1365; x_wconf 83' lang='lat' dir='ltr'><strong>inhibitum3</strong></span> <span class='ocrx_word' id='word_1_58' title='bbox 952 1284 1059 1349; x_wconf 85' lang='lat' dir='ltr'><strong>fatale</strong></span> <span class='ocrx_word' id='word_1_59' title='bbox 1082 1284 1134 1347; x_wconf 93' lang='lat' dir='ltr'><strong>illi</strong></span> 
     </span>
     <span class='ocr_line' id='line_1_10' title="bbox 188 1382 1133 1470; baseline 0.003 -25"><span class='ocrx_word' id='word_1_60' title='bbox 188 1382 328 1448; x_wconf 80' lang='lat' dir='ltr'><strong>tamiliae</strong></span> <span class='ocrx_word' id='word_1_61' title='bbox 344 1404 432 1464; x_wconf 85' lang='lat' dir='ltr'><strong>esse,</strong></span> <span class='ocrx_word' id='word_1_62' title='bbox 444 1393 495 1464; x_wconf 95' lang='lat' dir='ltr'><strong>ut,</strong></span> <span class='ocrx_word' id='word_1_63' title='bbox 505 1386 630 1451; x_wconf 87' lang='lat' dir='ltr'><strong>altiora</strong></span> <span class='ocrx_word' id='word_1_64' title='bbox 639 1386 770 1452; x_wconf 87' lang='lat' dir='ltr'><strong>viribus</strong></span> <span class='ocrx_word' id='word_1_65' title='bbox 784 1386 932 1470; x_wconf 87' lang='lat' dir='ltr'><strong>spirans,</strong></span> <span class='ocrx_word' id='word_1_66' title='bbox 946 1385 1060 1449; x_wconf 90' lang='lat' dir='ltr'><strong>Deum</strong></span> <span class='ocrx_word' id='word_1_67' title='bbox 1071 1385 1133 1448; x_wconf 90' lang='lat' dir='ltr'><strong>ad-</strong></span> 
     </span>
     <span class='ocr_line' id='line_1_11' title="bbox 188 1485 1133 1570; baseline 0.005 -25"><span class='ocrx_word' id='word_1_68' title='bbox 188 1492 383 1548; x_wconf 83' lang='lat' dir='ltr'><strong>versantem</strong></span> <span class='ocrx_word' id='word_1_69' title='bbox 401 1487 609 1570; x_wconf 84' lang='lat' dir='ltr'><strong>experiatur.</strong></span> <span class='ocrx_word' id='word_1_70' title='bbox 663 1487 739 1551; x_wconf 92' lang='lat' dir='ltr'><strong>Ista</strong></span> <span class='ocrx_word' id='word_1_71' title='bbox 763 1506 824 1569; x_wconf 87' lang='lat' dir='ltr'><strong>per</strong></span> <span class='ocrx_word' id='word_1_72' title='bbox 845 1485 1019 1569; x_wconf 89' lang='lat' dir='ltr'><strong>publicum</strong></span> <span class='ocrx_word' id='word_1_73' title='bbox 1041 1504 1133 1550; x_wconf 89' lang='lat' dir='ltr'><strong>sere·</strong></span> 
     </span>
     <span class='ocr_line' id='line_1_12' title="bbox 187 1583 1132 1669; baseline 0.004 -24"><span class='ocrx_word' id='word_1_74' title='bbox 187 1583 327 1661; x_wconf 90' lang='lat' dir='ltr'><strong>bantur,</strong></span> <span class='ocrx_word' id='word_1_75' title='bbox 358 1605 437 1668; x_wconf 86' lang='lat' dir='ltr'><strong>quae</strong></span> <span class='ocrx_word' id='word_1_76' title='bbox 475 1595 617 1669; x_wconf 88' lang='lat' dir='ltr'><strong>possent</strong></span> <span class='ocrx_word' id='word_1_77' title='bbox 645 1586 786 1652; x_wconf 86' lang='lat' dir='ltr'><strong>sortium</strong></span> <span class='ocrx_word' id='word_1_78' title='bbox 823 1586 928 1649; x_wconf 93' lang='lat' dir='ltr'><strong>robur</strong></span> <span class='ocrx_word' id='word_1_79' title='bbox 957 1604 1132 1650; x_wconf 85' lang='lat' dir='ltr'><strong>enervare.</strong></span> 
     </span>
    </p>

    <p class='ocr_par' dir='ltr' id='par_1_4' title="bbox 190 1682 1134 1767">
     <span class='ocr_line' id='line_1_13' title="bbox 190 1682 1134 1767; baseline 0.003 -22"><span class='ocrx_word' id='word_1_80' title='bbox 190 1682 274 1746; x_wconf 86' lang='lat' dir='ltr'><strong>Dux</strong></span> <span class='ocrx_word' id='word_1_81' title='bbox 297 1686 427 1767; x_wconf 87' lang='lat' dir='ltr'><strong>itaque,</strong></span> <span class='ocrx_word' id='word_1_82' title='bbox 449 1686 541 1752; x_wconf 88' lang='lat' dir='ltr'><strong>facto</strong></span> <span class='ocrx_word' id='word_1_83' title='bbox 565 1707 643 1750; x_wconf 92' lang='lat' dir='ltr'><strong>cum</strong></span> <span class='ocrx_word' id='word_1_84' title='bbox 669 1687 861 1752; x_wconf 90' lang='lat' dir='ltr'><strong>senioribus</strong></span> <span class='ocrx_word' id='word_1_85' title='bbox 884 1686 1041 1763; x_wconf 92' lang='lat' dir='ltr'><strong>concilio,</strong></span> <span class='ocrx_word' id='word_1_86' title='bbox 1058 1705 1134 1749; x_wconf 90' lang='lat' dir='ltr'><strong>cor·</strong></span> 
     </span>
    </p>

    <p class='ocr_par' dir='ltr' id='par_1_5' title="bbox 178 1785 1135 2671">
     <span class='ocr_line' id='line_1_14' title="bbox 178 1785 1133 1868; baseline 0.002 -21"><span class='ocrx_word' id='word_1_87' title='bbox 178 1803 253 1866; x_wconf 81' lang='lat' dir='ltr'><strong>-pus</strong></span> <span class='ocrx_word' id='word_1_88' title='bbox 279 1785 392 1849; x_wconf 90' lang='lat' dir='ltr'><strong>sancti</strong></span> <span class='ocrx_word' id='word_1_89' title='bbox 415 1786 580 1851; x_wconf 88' lang='lat' dir='ltr'><strong>Walerici</strong></span> <span class='ocrx_word' id='word_1_90' title='bbox 603 1788 696 1852; x_wconf 85' lang='lat' dir='ltr'><strong>foras</strong></span> <span class='ocrx_word' id='word_1_91' title='bbox 723 1786 846 1864; x_wconf 87' lang='lat' dir='ltr'><strong>efferri,</strong></span> <span class='ocrx_word' id='word_1_92' title='bbox 871 1793 918 1864; x_wconf 91' lang='lat' dir='ltr'><strong>et,</strong></span> <span class='ocrx_word' id='word_1_93' title='bbox 942 1805 1005 1868; x_wconf 93' lang='lat' dir='ltr'><strong>pro</strong></span> <span class='ocrx_word' id='word_1_94' title='bbox 1028 1792 1133 1849; x_wconf 85' lang='lat' dir='ltr'><strong>vento</strong></span> 
     </span>
     <span class='ocr_line' id='line_1_15' title="bbox 188 1884 1135 1971; baseline 0.001 -24"><span class='ocrx_word' id='word_1_95' title='bbox 188 1884 416 1967; x_wconf 87' lang='lat' dir='ltr'><strong>deprecando,</strong></span> <span class='ocrx_word' id='word_1_96' title='bbox 441 1887 506 1950; x_wconf 91' lang='lat' dir='ltr'><strong>sub</strong></span> <span class='ocrx_word' id='word_1_97' title='bbox 530 1886 612 1952; x_wconf 87' lang='lat' dir='ltr'><strong>divo</strong></span> <span class='ocrx_word' id='word_1_98' title='bbox 635 1887 764 1970; x_wconf 86' lang='lat' dir='ltr'><strong>exponi</strong></span> <span class='ocrx_word' id='word_1_99' title='bbox 785 1886 914 1969; x_wconf 82' lang='lat' dir='ltr'><strong>jussit3</strong></span> <span class='ocrx_word' id='word_1_100' title='bbox 945 1904 1009 1948; x_wconf 90' lang='lat' dir='ltr'><strong>nec</strong></span> <span class='ocrx_word' id='word_1_101' title='bbox 1037 1903 1135 1971; x_wconf 85' lang='lat' dir='ltr'><strong>mora</strong></span> 
     </span>
     <span class='ocr_line' id='line_1_16' title="bbox 187 1984 1133 2071; baseline 0 -23"><span class='ocrx_word' id='word_1_102' title='bbox 187 1985 382 2050; x_wconf 86' lang='lat' dir='ltr'><strong>intercessit</strong></span> <span class='ocrx_word' id='word_1_103' title='bbox 402 1987 487 2068; x_wconf 91' lang='lat' dir='ltr'><strong>quin</strong></span> <span class='ocrx_word' id='word_1_104' title='bbox 510 2007 654 2071; x_wconf 89' lang='lat' dir='ltr'><strong>prosper</strong></span> <span class='ocrx_word' id='word_1_105' title='bbox 672 1987 776 2051; x_wconf 87' lang='lat' dir='ltr'><strong>flatus</strong></span> <span class='ocrx_word' id='word_1_106' title='bbox 795 1986 941 2050; x_wconf 88' lang='lat' dir='ltr'><strong>carbasa</strong></span> <span class='ocrx_word' id='word_1_107' title='bbox 962 1984 1133 2067; x_wconf 90' lang='lat' dir='ltr'><strong>impleret.</strong></span> 
     </span>
     <span class='ocr_line' id='line_1_17' title="bbox 187 2084 1134 2152; baseline -0.001 -4"><span class='ocrx_word' id='word_1_108' title='bbox 187 2085 287 2150; x_wconf 88' lang='lat' dir='ltr'><strong>Tunc</strong></span> <span class='ocrx_word' id='word_1_109' title='bbox 301 2086 403 2150; x_wconf 87' lang='lat' dir='ltr'><strong>laetus</strong></span> <span class='ocrx_word' id='word_1_110' title='bbox 420 2086 550 2151; x_wconf 89' lang='lat' dir='ltr'><strong>clamor</strong></span> <span class='ocrx_word' id='word_1_111' title='bbox 565 2095 708 2152; x_wconf 88' lang='lat' dir='ltr'><strong>exortus</strong></span> <span class='ocrx_word' id='word_1_112' title='bbox 724 2105 842 2151; x_wconf 88' lang='lat' dir='ltr'><strong>omnes</strong></span> <span class='ocrx_word' id='word_1_113' title='bbox 858 2084 903 2149; x_wconf 88' lang='lat' dir='ltr'><strong>ad</strong></span> <span class='ocrx_word' id='word_1_114' title='bbox 920 2103 1027 2149; x_wconf 87' lang='lat' dir='ltr'><strong>naves</strong></span> <span class='ocrx_word' id='word_1_115' title='bbox 1043 2084 1134 2148; x_wconf 86' lang='lat' dir='ltr'><strong>invi·</strong></span> 
     </span>
     <span class='ocr_line' id='line_1_18' title="bbox 188 2179 1134 2270; baseline -0.002 -20"><span class='ocrx_word' id='word_1_116' title='bbox 188 2187 297 2251; x_wconf 85' lang='lat' dir='ltr'><strong>tavit:</strong></span> <span class='ocrx_word' id='word_1_117' title='bbox 320 2205 435 2251; x_wconf 87' lang='lat' dir='ltr'><strong>comes</strong></span> <span class='ocrx_word' id='word_1_118' title='bbox 450 2187 537 2270; x_wconf 90' lang='lat' dir='ltr'><strong>ipse,</strong></span> <span class='ocrx_word' id='word_1_119' title='bbox 553 2207 575 2251; x_wconf 91' lang='lat' dir='ltr'><strong>a</strong></span> <span class='ocrx_word' id='word_1_120' title='bbox 591 2188 782 2252; x_wconf 85' lang='lat' dir='ltr'><strong>continenti</strong></span> <span class='ocrx_word' id='word_1_121' title='bbox 798 2185 929 2269; x_wconf 86' lang='lat' dir='ltr'><strong>primus</strong></span> <span class='ocrx_word' id='word_1_122' title='bbox 946 2179 1008 2248; x_wconf 74' lang='lat' dir='ltr'><strong>2ad</strong></span> <span class='ocrx_word' id='word_1_123' title='bbox 1025 2184 1134 2248; x_wconf 92' lang='lat' dir='ltr'><strong>altum</strong></span> 
     </span>
     <span class='ocr_line' id='line_1_19' title="bbox 186 2285 1134 2368; baseline 0 -20"><span class='ocrx_word' id='word_1_124' title='bbox 186 2293 382 2368; x_wconf 85' lang='lat' dir='ltr'><strong>provectus,</strong></span> <span class='ocrx_word' id='word_1_125' title='bbox 408 2295 553 2352; x_wconf 87' lang='lat' dir='ltr'><strong>caeteros</strong></span> <span class='ocrx_word' id='word_1_126' title='bbox 577 2287 613 2351; x_wconf 93' lang='lat' dir='ltr'><strong>in</strong></span> <span class='ocrx_word' id='word_1_127' title='bbox 633 2288 745 2352; x_wconf 87' lang='lat' dir='ltr'><strong>medio</strong></span> <span class='ocrx_word' id='word_1_128' title='bbox 773 2287 844 2350; x_wconf 81' lang='lat' dir='ltr'><strong>fere</strong></span> <span class='ocrx_word' id='word_1_129' title='bbox 865 2287 951 2349; x_wconf 90' lang='lat' dir='ltr'><strong>mari</strong></span> <span class='ocrx_word' id='word_1_130' title='bbox 973 2285 1134 2349; x_wconf 88' lang='lat' dir='ltr'><strong>anchoris</strong></span> 
     </span>
     <span class='ocr_line' id='line_1_20' title="bbox 181 2384 1133 2469; baseline -0.001 -19"><span class='ocrx_word' id='word_1_131' title='bbox 181 2384 288 2469; x_wconf 89' lang='lat' dir='ltr'><strong>jactis</strong></span> <span class='ocrx_word' id='word_1_132' title='bbox 314 2388 489 2453; x_wconf 87' lang='lat' dir='ltr'><strong>sustinuit.</strong></span> <span class='ocrx_word' id='word_1_133' title='bbox 541 2388 710 2452; x_wconf 86' lang='lat' dir='ltr'><strong>Omnibus</strong></span> <span class='ocrx_word' id='word_1_134' title='bbox 740 2387 859 2469; x_wconf 89' lang='lat' dir='ltr'><strong>itaque</strong></span> <span class='ocrx_word' id='word_1_135' title='bbox 885 2387 930 2450; x_wconf 91' lang='lat' dir='ltr'><strong>ad</strong></span> <span class='ocrx_word' id='word_1_136' title='bbox 961 2386 1133 2468; x_wconf 84' lang='lat' dir='ltr'><strong>praetoriae</strong></span> 
     </span>
     <span class='ocr_line' id='line_1_21' title="bbox 186 2486 1134 2569; baseline 0 -20"><span class='ocrx_word' id='word_1_137' title='bbox 186 2488 312 2569; x_wconf 92' lang='lat' dir='ltr'><strong>puppis</strong></span> <span class='ocrx_word' id='word_1_138' title='bbox 331 2487 592 2552; x_wconf 87' lang='lat' dir='ltr'><strong>vermiculatum</strong></span> <span class='ocrx_word' id='word_1_139' title='bbox 615 2488 729 2552; x_wconf 88' lang='lat' dir='ltr'><strong>velum</strong></span> <span class='ocrx_word' id='word_1_140' title='bbox 755 2486 1031 2562; x_wconf 86' lang='lat' dir='ltr'><strong>convolantibus,</strong></span> <span class='ocrx_word' id='word_1_141' title='bbox 1053 2492 1134 2567; x_wconf 92' lang='lat' dir='ltr'><strong>post</strong></span> 
     </span>
     <span class='ocr_line' id='line_1_22' title="bbox 186 2585 1132 2671; baseline 0.001 -22"><span class='ocrx_word' id='word_1_142' title='bbox 186 2587 299 2651; x_wconf 91' lang='lat' dir='ltr'><strong>cibum</strong></span> <span class='ocrx_word' id='word_1_143' title='bbox 313 2595 489 2670; x_wconf 91' lang='lat' dir='ltr'><strong>sumptum</strong></span> <span class='ocrx_word' id='word_1_144' title='bbox 505 2588 641 2671; x_wconf 91' lang='lat' dir='ltr'><strong>placido</strong></span> <span class='ocrx_word' id='word_1_145' title='bbox 656 2608 760 2652; x_wconf 93' lang='lat' dir='ltr'><strong>cursu</strong></span> <span class='ocrx_word' id='word_1_146' title='bbox 777 2585 972 2668; x_wconf 86' lang='lat' dir='ltr'><strong>Hastingas</strong></span> <span class='ocrx_word' id='word_1_147' title='bbox 989 2585 1132 2668; x_wconf 87' lang='lat' dir='ltr'><strong>appule-</strong></span> 
     </span>
    </p>

    <p class='ocr_par' dir='ltr' id='par_1_6' title="bbox 186 2686 1256 3069">
     <span class='ocr_line' id='line_1_23' title="bbox 187 2686 1247 2795; baseline -0.005 -46"><span class='ocrx_word' id='word_1_148' title='bbox 187 2694 280 2753; x_wconf 90' lang='lat' dir='ltr'><strong>runt.</strong></span> <span class='ocrx_word' id='word_1_149' title='bbox 332 2687 376 2751; x_wconf 94' lang='lat' dir='ltr'><strong>In</strong></span> <span class='ocrx_word' id='word_1_150' title='bbox 391 2707 532 2769; x_wconf 84' lang='lat' dir='ltr'><strong>egressu</strong></span> <span class='ocrx_word' id='word_1_151' title='bbox 547 2689 646 2752; x_wconf 86' lang='lat' dir='ltr'><strong>navis</strong></span> <span class='ocrx_word' id='word_1_152' title='bbox 663 2688 749 2770; x_wconf 87' lang='lat' dir='ltr'><strong>pede</strong></span> <span class='ocrx_word' id='word_1_153' title='bbox 770 2687 901 2770; x_wconf 89' lang='lat' dir='ltr'><strong>lapsus,</strong></span> <span class='ocrx_word' id='word_1_154' title='bbox 919 2692 1080 2751; x_wconf 87' lang='lat' dir='ltr'><strong>eventum</strong></span> <span class='ocrx_word' id='word_1_155' title='bbox 1095 2686 1132 2748; x_wconf 91' lang='lat' dir='ltr'><strong>in</strong></span> <span class='ocrx_word' id='word_1_156' title='bbox 1145 2706 1247 2795; x_wconf 48' lang='lat' dir='ltr'><strong>pinpo</strong></span> 
     </span>
     <span class='ocr_line' id='line_1_24' title="bbox 188 2766 1256 2870; baseline -0.005 -20"><span class='ocrx_word' id='word_1_157' title='bbox 188 2787 310 2851; x_wconf 92' lang='lat' dir='ltr'><strong>melius</strong></span> <span class='ocrx_word' id='word_1_158' title='bbox 333 2788 570 2867; x_wconf 85' lang='lat' dir='ltr'><strong>commutavit,</strong></span> <span class='ocrx_word' id='word_1_159' title='bbox 587 2787 801 2852; x_wconf 85' lang='lat' dir='ltr'><strong>acclamante</strong></span> <span class='ocrx_word' id='word_1_160' title='bbox 816 2788 882 2851; x_wconf 93' lang='lat' dir='ltr'><strong>sibi</strong></span> <span class='ocrx_word' id='word_1_161' title='bbox 895 2787 1054 2870; x_wconf 87' lang='lat' dir='ltr'><strong>proximo</strong></span> <span class='ocrx_word' id='word_1_162' title='bbox 1070 2787 1133 2849; x_wconf 92' lang='lat' dir='ltr'><strong>mi-</strong></span> <span class='ocrx_word' id='word_1_163' title='bbox 1146 2766 1256 2856; x_wconf 56' lang='lat' dir='ltr'><strong>elifii?</strong></span> 
     </span>
     <span class='ocr_line' id='line_1_25' title="bbox 186 2880 1133 2971; baseline -0.001 -22"><span class='ocrx_word' id='word_1_164' title='bbox 186 2886 259 2965; x_wconf 91' lang='lat' dir='ltr'><strong>lite,</strong></span> <span class='ocrx_word' id='word_1_165' title='bbox 287 2880 465 2967; x_wconf 80' lang='lat' dir='ltr'><strong>‘³Tenes,&#39;</strong></span> <span class='ocrx_word' id='word_1_166' title='bbox 482 2889 606 2971; x_wconf 91' lang='lat' dir='ltr'><strong>inquit,</strong></span> <span class='ocrx_word' id='word_1_167' title='bbox 620 2894 630 2922; x_wconf 92' lang='lat'>‘</span> <span class='ocrx_word' id='word_1_168' title='bbox 643 2887 820 2969; x_wconf 82' lang='lat' dir='ltr'><strong>Angliam,</strong></span> <span class='ocrx_word' id='word_1_169' title='bbox 841 2907 968 2965; x_wconf 90' lang='lat' dir='ltr'><strong>comes,</strong></span> <span class='ocrx_word' id='word_1_170' title='bbox 994 2906 1057 2949; x_wconf 89' lang='lat' dir='ltr'><strong>rex</strong></span> <span class='ocrx_word' id='word_1_171' title='bbox 1079 2884 1133 2948; x_wconf 85' lang='lat' dir='ltr'><strong>sn·</strong></span> 
     </span>
     <span class='ocr_line' id='line_1_26' title="bbox 187 2986 1134 3069; baseline -0.002 -19"><span class='ocrx_word' id='word_1_172' title='bbox 187 2995 285 3051; x_wconf 92' lang='lat' dir='ltr'><strong>turus</strong></span> <span class='ocrx_word' id='word_1_173' title='bbox 297 2987 317 3052; x_wconf 90' lang='lat'><strong>!&#39;</strong></span> <span class='ocrx_word' id='word_1_174' title='bbox 369 2989 515 3053; x_wconf 90' lang='lat' dir='ltr'><strong>Omnem</strong></span> <span class='ocrx_word' id='word_1_175' title='bbox 547 2989 736 3054; x_wconf 85' lang='lat' dir='ltr'><strong>exercitum</strong></span> <span class='ocrx_word' id='word_1_176' title='bbox 762 3008 783 3051; x_wconf 90' lang='lat' dir='ltr'><strong>a</strong></span> <span class='ocrx_word' id='word_1_177' title='bbox 807 2987 925 3069; x_wconf 86' lang='lat' dir='ltr'><strong>praeda</strong></span> <span class='ocrx_word' id='word_1_178' title='bbox 952 2986 1134 3063; x_wconf 89' lang='lat' dir='ltr'><strong>continuit,</strong></span> 
     </span>
    </p>
   </div>
   <div class='ocr_carea' id='block_1_3' title="bbox 187 3305 1139 4257">
    <p class='ocr_par' dir='ltr' id='par_1_7' title="bbox 187 3305 1139 4228">
     <span class='ocr_line' id='line_1_27' title="bbox 188 3305 1134 3376; baseline -0.007 -15"><span class='ocrx_word' id='word_1_179' title='bbox 188 3312 281 3362; x_wconf 81' lang='lat' dir='ltr'><strong>situata</strong></span> <span class='ocrx_word' id='word_1_180' title='bbox 297 3313 323 3361; x_wconf 93' lang='lat' dir='ltr'><strong>in</strong></span> <span class='ocrx_word' id='word_1_181' title='bbox 335 3313 492 3376; x_wconf 88' lang='lat' dir='ltr'><strong>Normandy,</strong></span> <span class='ocrx_word' id='word_1_182' title='bbox 502 3315 529 3362; x_wconf 90' lang='lat' dir='ltr'><strong>in</strong></span> <span class='ocrx_word' id='word_1_183' title='bbox 539 3314 582 3363; x_wconf 89' lang='lat' dir='ltr'><strong>the</strong></span> <span class='ocrx_word' id='word_1_184' title='bbox 594 3313 650 3362; x_wconf 93' lang='lat' dir='ltr'><strong>dio·</strong></span> <span class='ocrx_word' id='word_1_185' title='bbox 673 3313 830 3371; x_wconf 70' lang='lat' dir='ltr'><strong>investitura,</strong></span> <span class='ocrx_word' id='word_1_186' title='bbox 840 3325 868 3359; x_wconf 92' lang='lat' dir='ltr'><strong>or</strong></span> <span class='ocrx_word' id='word_1_187' title='bbox 878 3309 968 3359; x_wconf 80' lang='lat' dir='ltr'><strong>formal</strong></span> <span class='ocrx_word' id='word_1_188' title='bbox 981 3306 1062 3357; x_wconf 81' lang='lat' dir='ltr'><strong>actos</strong></span> <span class='ocrx_word' id='word_1_189' title='bbox 1076 3305 1134 3354; x_wconf 86' lang='lat' dir='ltr'><strong>tah-</strong></span> 
     </span>
     <span class='ocr_line' id='line_1_28' title="bbox 187 3376 1133 3445; baseline -0.01 -13"><span class='ocrx_word' id='word_1_190' title='bbox 187 3398 243 3432; x_wconf 83' lang='lat' dir='ltr'><strong>cess</strong></span> <span class='ocrx_word' id='word_1_191' title='bbox 254 3384 283 3431; x_wconf 90' lang='lat' dir='ltr'><strong>of</strong></span> <span class='ocrx_word' id='word_1_192' title='bbox 297 3384 395 3445; x_wconf 88' lang='lat' dir='ltr'><strong>Rouen,</strong></span> <span class='ocrx_word' id='word_1_193' title='bbox 406 3384 457 3432; x_wconf 87' lang='lat' dir='ltr'><strong>and</strong></span> <span class='ocrx_word' id='word_1_194' title='bbox 467 3399 522 3433; x_wconf 86' lang='lat' dir='ltr'><strong>was</strong></span> <span class='ocrx_word' id='word_1_195' title='bbox 532 3383 648 3444; x_wconf 79' lang='lat' dir='ltr'><strong>formerly</strong></span> <span class='ocrx_word' id='word_1_196' title='bbox 673 3384 717 3444; x_wconf 82' lang='lat' dir='ltr'><strong>ing</strong></span> <span class='ocrx_word' id='word_1_197' title='bbox 736 3381 879 3444; x_wconf 83' lang='lat' dir='ltr'><strong>possession</strong></span> <span class='ocrx_word' id='word_1_198' title='bbox 900 3378 930 3427; x_wconf 85' lang='lat' dir='ltr'><strong>os</strong></span> <span class='ocrx_word' id='word_1_199' title='bbox 948 3392 981 3428; x_wconf 89' lang='lat' dir='ltr'><strong>an</strong></span> <span class='ocrx_word' id='word_1_200' title='bbox 1003 3381 1082 3426; x_wconf 83' lang='lat' dir='ltr'><strong>estate</strong></span> <span class='ocrx_word' id='word_1_201' title='bbox 1099 3376 1133 3436; x_wconf 88' lang='lat' dir='ltr'><strong>by</strong></span> 
     </span>
     <span class='ocr_line' id='line_1_29' title="bbox 188 3447 1135 3516; baseline -0.01 -13"><span class='ocrx_word' id='word_1_202' title='bbox 188 3454 270 3503; x_wconf 85' lang='lat' dir='ltr'><strong>called</strong></span> <span class='ocrx_word' id='word_1_203' title='bbox 289 3454 315 3502; x_wconf 87' lang='lat' dir='ltr'><strong>S.</strong></span> <span class='ocrx_word' id='word_1_204' title='bbox 327 3454 413 3502; x_wconf 83' lang='lat' dir='ltr'><strong>Valeri</strong></span> <span class='ocrx_word' id='word_1_205' title='bbox 431 3454 469 3503; x_wconf 93' lang='lat' dir='ltr'><strong>les</strong></span> <span class='ocrx_word' id='word_1_206' title='bbox 487 3454 586 3516; x_wconf 83' lang='lat' dir='ltr'><strong>Pluins,</strong></span> <span class='ocrx_word' id='word_1_207' title='bbox 603 3454 649 3502; x_wconf 92' lang='lat' dir='ltr'><strong>hut</strong></span> <span class='ocrx_word' id='word_1_208' title='bbox 673 3452 715 3501; x_wconf 88' lang='lat' dir='ltr'><strong>the</strong></span> <span class='ocrx_word' id='word_1_209' title='bbox 733 3452 845 3512; x_wconf 81' lang='lat' dir='ltr'><strong>delivery</strong></span> <span class='ocrx_word' id='word_1_210' title='bbox 856 3450 886 3499; x_wconf 85' lang='lat' dir='ltr'><strong>os</strong></span> <span class='ocrx_word' id='word_1_211' title='bbox 900 3449 995 3498; x_wconf 83' lang='lat' dir='ltr'><strong>certain</strong></span> <span class='ocrx_word' id='word_1_212' title='bbox 1006 3447 1135 3508; x_wconf 67' lang='lat' dir='ltr'><strong>symbols!</strong></span> 
     </span>
     <span class='ocr_line' id='line_1_30' title="bbox 188 3516 1135 3586; baseline -0.012 -14"><span class='ocrx_word' id='word_1_213' title='bbox 188 3539 246 3574; x_wconf 86' lang='lat' dir='ltr'><strong>now</strong></span> <span class='ocrx_word' id='word_1_214' title='bbox 257 3524 284 3573; x_wconf 89' lang='lat' dir='ltr'><strong>S.</strong></span> <span class='ocrx_word' id='word_1_215' title='bbox 293 3525 381 3573; x_wconf 85' lang='lat' dir='ltr'><strong>Valeri</strong></span> <span class='ocrx_word' id='word_1_216' title='bbox 391 3539 422 3572; x_wconf 94' lang='lat' dir='ltr'><strong>en</strong></span> <span class='ocrx_word' id='word_1_217' title='bbox 433 3524 518 3575; x_wconf 75' lang='lat' dir='ltr'><strong>caux.</strong></span> <span class='ocrx_word' id='word_1_218' title='bbox 535 3525 561 3573; x_wconf 90' lang='lat' dir='ltr'><strong>1t</strong></span> <span class='ocrx_word' id='word_1_219' title='bbox 568 3538 649 3574; x_wconf 83' lang='lat' dir='ltr'><strong>seems</strong></span> <span class='ocrx_word' id='word_1_220' title='bbox 672 3521 792 3586; x_wconf 84' lang='lat' dir='ltr'><strong>(Sharpe,</strong></span> <span class='ocrx_word' id='word_1_221' title='bbox 803 3517 873 3584; x_wconf 72' lang='lat'><strong>315.)</strong></span> <span class='ocrx_word' id='word_1_222' title='bbox 904 3518 966 3568; x_wconf 85' lang='lat' dir='ltr'><strong>This</strong></span> <span class='ocrx_word' id='word_1_223' title='bbox 976 3522 1054 3580; x_wconf 82' lang='lat' dir='ltr'><strong>story,</strong></span> <span class='ocrx_word' id='word_1_224' title='bbox 1064 3516 1135 3565; x_wconf 68' lang='lat' dir='ltr'><strong>how-</strong></span> 
     </span>
     <span class='ocr_line' id='line_1_31' title="bbox 187 3587 1135 3657; baseline -0.011 -13"><span class='ocrx_word' id='word_1_225' title='bbox 187 3599 213 3644; x_wconf 81' lang='lat' dir='ltr'><strong>to</strong></span> <span class='ocrx_word' id='word_1_226' title='bbox 230 3597 261 3644; x_wconf 89' lang='lat' dir='ltr'><strong>he</strong></span> <span class='ocrx_word' id='word_1_227' title='bbox 277 3595 320 3644; x_wconf 91' lang='lat' dir='ltr'><strong>the</strong></span> <span class='ocrx_word' id='word_1_228' title='bbox 338 3595 429 3644; x_wconf 84' lang='lat' dir='ltr'><strong>former</strong></span> <span class='ocrx_word' id='word_1_229' title='bbox 445 3597 554 3657; x_wconf 86' lang='lat' dir='ltr'><strong>placeto</strong></span> <span class='ocrx_word' id='word_1_230' title='bbox 564 3594 649 3644; x_wconf 86' lang='lat' dir='ltr'><strong>which</strong></span> <span class='ocrx_word' id='word_1_231' title='bbox 673 3594 774 3656; x_wconf 89' lang='lat' dir='ltr'><strong>ever,is</strong></span> <span class='ocrx_word' id='word_1_232' title='bbox 792 3589 915 3640; x_wconf 86' lang='lat' dir='ltr'><strong>rendered</strong></span> <span class='ocrx_word' id='word_1_233' title='bbox 933 3604 949 3638; x_wconf 88' lang='lat' dir='ltr'><strong>a</strong></span> <span class='ocrx_word' id='word_1_234' title='bbox 963 3588 1028 3638; x_wconf 87' lang='lat' dir='ltr'><strong>little</strong></span> <span class='ocrx_word' id='word_1_235' title='bbox 1047 3587 1135 3648; x_wconf 88' lang='lat' dir='ltr'><strong>suspi-</strong></span> 
     </span>
     <span class='ocr_line' id='line_1_32' title="bbox 188 3658 1133 3728; baseline -0.01 -14"><span class='ocrx_word' id='word_1_236' title='bbox 188 3666 363 3728; x_wconf 86' lang='lat' dir='ltr'><strong>Malmesbury</strong></span> <span class='ocrx_word' id='word_1_237' title='bbox 390 3665 449 3714; x_wconf 90' lang='lat' dir='ltr'><strong>here</strong></span> <span class='ocrx_word' id='word_1_238' title='bbox 477 3665 564 3716; x_wconf 81' lang='lat' dir='ltr'><strong>refers.</strong></span> <span class='ocrx_word' id='word_1_239' title='bbox 599 3666 649 3713; x_wconf 87' lang='lat' dir='ltr'><strong>‘In</strong></span> <span class='ocrx_word' id='word_1_240' title='bbox 674 3663 745 3712; x_wconf 89' lang='lat' dir='ltr'><strong>cious</strong></span> <span class='ocrx_word' id='word_1_241' title='bbox 766 3664 801 3722; x_wconf 86' lang='lat' dir='ltr'><strong>by</strong></span> <span class='ocrx_word' id='word_1_242' title='bbox 820 3661 891 3711; x_wconf 84' lang='lat' dir='ltr'><strong>these</strong></span> <span class='ocrx_word' id='word_1_243' title='bbox 908 3659 993 3708; x_wconf 91' lang='lat' dir='ltr'><strong>words</strong></span> <span class='ocrx_word' id='word_1_244' title='bbox 1014 3659 1091 3720; x_wconf 80' lang='lat' dir='ltr'><strong>being</strong></span> <span class='ocrx_word' id='word_1_245' title='bbox 1107 3658 1133 3706; x_wconf 94' lang='lat' dir='ltr'><strong>in</strong></span> 
     </span>
     <span class='ocr_line' id='line_1_33' title="bbox 187 3728 1137 3798; baseline -0.011 -12"><span class='ocrx_word' id='word_1_246' title='bbox 187 3737 295 3786; x_wconf 89' lang='lat' dir='ltr'><strong>Pontivo</strong></span> <span class='ocrx_word' id='word_1_247' title='bbox 316 3737 387 3798; x_wconf 88' lang='lat' dir='ltr'><strong>apud</strong></span> <span class='ocrx_word' id='word_1_248' title='bbox 403 3737 429 3786; x_wconf 87' lang='lat' dir='ltr'><strong>S.</strong></span> <span class='ocrx_word' id='word_1_249' title='bbox 441 3737 594 3785; x_wconf 86' lang='lat' dir='ltr'><strong>Walericum</strong></span> <span class='ocrx_word' id='word_1_250' title='bbox 623 3736 648 3784; x_wconf 92' lang='lat' dir='ltr'><strong>in</strong></span> <span class='ocrx_word' id='word_1_251' title='bbox 674 3738 749 3783; x_wconf 86' lang='lat' dir='ltr'><strong>exact</strong></span> <span class='ocrx_word' id='word_1_252' title='bbox 769 3730 917 3791; x_wconf 82' lang='lat' dir='ltr'><strong>conformity</strong></span> <span class='ocrx_word' id='word_1_253' title='bbox 935 3729 998 3779; x_wconf 84' lang='lat' dir='ltr'><strong>with</strong></span> <span class='ocrx_word' id='word_1_254' title='bbox 1020 3729 1091 3778; x_wconf 88' lang='lat' dir='ltr'><strong>those</strong></span> <span class='ocrx_word' id='word_1_255' title='bbox 1108 3728 1137 3777; x_wconf 84' lang='lat' dir='ltr'><strong>of</strong></span> 
     </span>
     <span class='ocr_line' id='line_1_34' title="bbox 188 3799 1135 3869; baseline -0.01 -13"><span class='ocrx_word' id='word_1_256' title='bbox 188 3808 304 3856; x_wconf 84' lang='lat' dir='ltr'><strong>anchoris</strong></span> <span class='ocrx_word' id='word_1_257' title='bbox 334 3821 445 3869; x_wconf 78' lang='lat' dir='ltr'><strong>congrue</strong></span> <span class='ocrx_word' id='word_1_258' title='bbox 474 3811 541 3855; x_wconf 86' lang='lat' dir='ltr'><strong>stare</strong></span> <span class='ocrx_word' id='word_1_259' title='bbox 572 3806 650 3868; x_wconf 84' lang='lat' dir='ltr'><strong>fecit,&#39;</strong></span> <span class='ocrx_word' id='word_1_260' title='bbox 675 3804 763 3854; x_wconf 71' lang='lat' dir='ltr'><strong>Cesar</strong></span> <span class='ocrx_word' id='word_1_261' title='bbox 784 3802 859 3852; x_wconf 93' lang='lat' dir='ltr'><strong>when</strong></span> <span class='ocrx_word' id='word_1_262' title='bbox 880 3801 912 3849; x_wconf 85' lang='lat' dir='ltr'><strong>he</strong></span> <span class='ocrx_word' id='word_1_263' title='bbox 935 3800 1061 3849; x_wconf 86' lang='lat' dir='ltr'><strong>stunrbled</strong></span> <span class='ocrx_word' id='word_1_264' title='bbox 1083 3799 1135 3848; x_wconf 87' lang='lat' dir='ltr'><strong>and</strong></span> 
     </span>
     <span class='ocr_line' id='line_1_35' title="bbox 187 3869 1135 3940; baseline -0.009 -14"><span class='ocrx_word' id='word_1_265' title='bbox 187 3878 273 3926; x_wconf 82' lang='lat' dir='ltr'><strong>writes</strong></span> <span class='ocrx_word' id='word_1_266' title='bbox 284 3878 396 3926; x_wconf 88' lang='lat' dir='ltr'><strong>William</strong></span> <span class='ocrx_word' id='word_1_267' title='bbox 408 3876 438 3925; x_wconf 80' lang='lat' dir='ltr'><strong>of</strong></span> <span class='ocrx_word' id='word_1_268' title='bbox 449 3875 591 3940; x_wconf 72' lang='lat' dir='ltr'><strong>Jumitges.</strong></span> <span class='ocrx_word' id='word_1_269' title='bbox 675 3875 718 3923; x_wconf 89' lang='lat' dir='ltr'><strong>fell</strong></span> <span class='ocrx_word' id='word_1_270' title='bbox 741 3878 768 3923; x_wconf 87' lang='lat' dir='ltr'><strong>at</strong></span> <span class='ocrx_word' id='word_1_271' title='bbox 789 3873 830 3921; x_wconf 87' lang='lat' dir='ltr'><strong>his</strong></span> <span class='ocrx_word' id='word_1_272' title='bbox 856 3871 961 3933; x_wconf 81' lang='lat' dir='ltr'><strong>landing</strong></span> <span class='ocrx_word' id='word_1_273' title='bbox 988 3870 1015 3918; x_wconf 92' lang='lat' dir='ltr'><strong>in</strong></span> <span class='ocrx_word' id='word_1_274' title='bbox 1036 3869 1135 3932; x_wconf 79' lang='lat' dir='ltr'><strong>Africa,</strong></span> 
     </span>
     <span class='ocr_line' id='line_1_36' title="bbox 223 3938 1139 4012; baseline -0.012 -14"><span class='ocrx_word' id='word_1_275' title='bbox 223 3945 231 3975; x_wconf 90' lang='lat'><strong>¹</strong></span> <span class='ocrx_word' id='word_1_276' title='bbox 252 3948 363 4012; x_wconf 73' lang='lat' dir='ltr'><strong>Locum]</strong></span> <span class='ocrx_word' id='word_1_277' title='bbox 380 3948 414 3997; x_wconf 89' lang='lat' dir='ltr'><strong>D.</strong></span> <span class='ocrx_word' id='word_1_278' title='bbox 427 3948 460 3999; x_wconf 88' lang='lat' dir='ltr'><strong>E.</strong></span> <span class='ocrx_word' id='word_1_279' title='bbox 467 3962 476 4008; x_wconf 92' lang='lat'>;</span> <span class='ocrx_word' id='word_1_280' title='bbox 503 3947 608 3997; x_wconf 89' lang='lat' dir='ltr'><strong>omitted</strong></span> <span class='ocrx_word' id='word_1_281' title='bbox 623 3947 650 3995; x_wconf 94' lang='lat' dir='ltr'><strong>in</strong></span> <span class='ocrx_word' id='word_1_282' title='bbox 676 3941 903 4005; x_wconf 55' lang='lat' dir='ltr'><strong>Tenectwlsrico.</strong></span> <span class='ocrx_word' id='word_1_283' title='bbox 937 3940 990 3989; x_wconf 87' lang='lat' dir='ltr'><strong>The</strong></span> <span class='ocrx_word' id='word_1_284' title='bbox 1006 3940 1100 3989; x_wconf 89' lang='lat' dir='ltr'><strong>silence</strong></span> <span class='ocrx_word' id='word_1_285' title='bbox 1110 3938 1139 3987; x_wconf 84' lang='lat' dir='ltr'><strong>of</strong></span> 
     </span>
     <span class='ocr_line' id='line_1_37' title="bbox 188 4009 1136 4073; baseline -0.012 -4"><span class='ocrx_word' id='word_1_286' title='bbox 188 4018 222 4070; x_wconf 72' lang='lat' dir='ltr'><strong>A.</strong></span> <span class='ocrx_word' id='word_1_287' title='bbox 235 4019 264 4069; x_wconf 81' lang='lat' dir='ltr'><strong>S.</strong></span> <span class='ocrx_word' id='word_1_288' title='bbox 279 4021 308 4069; x_wconf 88' lang='lat' dir='ltr'><strong>C.</strong></span> <span class='ocrx_word' id='word_1_289' title='bbox 320 4019 352 4070; x_wconf 85' lang='lat' dir='ltr'><strong>L.</strong></span> <span class='ocrx_word' id='word_1_290' title='bbox 675 4015 789 4063; x_wconf 86' lang='lat' dir='ltr'><strong>William</strong></span> <span class='ocrx_word' id='word_1_291' title='bbox 799 4013 828 4061; x_wconf 89' lang='lat' dir='ltr'><strong>of</strong></span> <span class='ocrx_word' id='word_1_292' title='bbox 837 4013 955 4073; x_wconf 92' lang='lat' dir='ltr'><strong>Poicton,</strong></span> <span class='ocrx_word' id='word_1_293' title='bbox 963 4011 1019 4059; x_wconf 95' lang='lat' dir='ltr'><strong>who</strong></span> <span class='ocrx_word' id='word_1_294' title='bbox 1027 4025 1082 4060; x_wconf 88' lang='lat' dir='ltr'><strong>was</strong></span> <span class='ocrx_word' id='word_1_295' title='bbox 1093 4009 1136 4058; x_wconf 90' lang='lat' dir='ltr'><strong>the</strong></span> 
     </span>
     <span class='ocr_line' id='line_1_38' title="bbox 223 4081 1137 4153; baseline -0.013 -14"><span class='ocrx_word' id='word_1_296' title='bbox 223 4086 307 4153; x_wconf 68' lang='lat' dir='ltr'><strong>²Aa]</strong></span> <span class='ocrx_word' id='word_1_297' title='bbox 327 4091 356 4138; x_wconf 88' lang='lat' dir='ltr'><strong>C.</strong></span> <span class='ocrx_word' id='word_1_298' title='bbox 368 4089 403 4139; x_wconf 91' lang='lat' dir='ltr'><strong>D.</strong></span> <span class='ocrx_word' id='word_1_299' title='bbox 416 4090 465 4149; x_wconf 83' lang='lat' dir='ltr'><strong>E.;</strong></span> <span class='ocrx_word' id='word_1_300' title='bbox 484 4089 520 4150; x_wconf 93' lang='lat' dir='ltr'><strong>in,</strong></span> <span class='ocrx_word' id='word_1_301' title='bbox 531 4086 564 4138; x_wconf 76' lang='lat' dir='ltr'><strong>A.</strong></span> <span class='ocrx_word' id='word_1_302' title='bbox 577 4088 606 4137; x_wconf 80' lang='lat' dir='ltr'><strong>S.</strong></span> <span class='ocrx_word' id='word_1_303' title='bbox 618 4087 649 4136; x_wconf 84' lang='lat'><strong>1..</strong></span> <span class='ocrx_word' id='word_1_304' title='bbox 675 4085 768 4135; x_wconf 86' lang='lat' dir='ltr'><strong>duke’s</strong></span> <span class='ocrx_word' id='word_1_305' title='bbox 778 4083 906 4144; x_wconf 87' lang='lat' dir='ltr'><strong>chaplain‚</strong></span> <span class='ocrx_word' id='word_1_306' title='bbox 914 4081 965 4129; x_wconf 87' lang='lat' dir='ltr'><strong>and</strong></span> <span class='ocrx_word' id='word_1_307' title='bbox 972 4081 1035 4129; x_wconf 82' lang='lat' dir='ltr'><strong>with</strong></span> <span class='ocrx_word' id='word_1_308' title='bbox 1046 4081 1098 4129; x_wconf 89' lang='lat' dir='ltr'><strong>him</strong></span> <span class='ocrx_word' id='word_1_309' title='bbox 1110 4084 1137 4127; x_wconf 87' lang='lat' dir='ltr'><strong>at</strong></span> 
     </span>
     <span class='ocr_line' id='line_1_39' title="bbox 224 4149 1137 4228; baseline -0.012 -18"><span class='ocrx_word' id='word_1_310' title='bbox 224 4158 319 4210; x_wconf 78' lang='lat' dir='ltr'><strong>⁸Tenes</strong></span> <span class='ocrx_word' id='word_1_311' title='bbox 327 4154 502 4228; x_wconf 75' lang='lat' dir='ltr'><strong>...Anglicm.]</strong></span> <span class='ocrx_word' id='word_1_312' title='bbox 512 4158 589 4208; x_wconf 87' lang='lat' dir='ltr'><strong>‘This</strong></span> <span class='ocrx_word' id='word_1_313' title='bbox 596 4173 651 4206; x_wconf 89' lang='lat' dir='ltr'><strong>was</strong></span> <span class='ocrx_word' id='word_1_314' title='bbox 675 4156 716 4205; x_wconf 88' lang='lat' dir='ltr'><strong>his</strong></span> <span class='ocrx_word' id='word_1_315' title='bbox 725 4154 840 4216; x_wconf 80' lang='lat' dir='ltr'><strong>landing,</strong></span> <span class='ocrx_word' id='word_1_316' title='bbox 850 4152 938 4202; x_wconf 84' lang='lat' dir='ltr'><strong>makes</strong></span> <span class='ocrx_word' id='word_1_317' title='bbox 949 4151 991 4201; x_wconf 87' lang='lat' dir='ltr'><strong>the</strong></span> <span class='ocrx_word' id='word_1_318' title='bbox 999 4151 1069 4201; x_wconf 87' lang='lat' dir='ltr'><strong>truth</strong></span> <span class='ocrx_word' id='word_1_319' title='bbox 1079 4149 1109 4200; x_wconf 79' lang='lat' dir='ltr'><strong>of</strong></span> <span class='ocrx_word' id='word_1_320' title='bbox 1116 4150 1137 4199; x_wconf 87' lang='lat' dir='ltr'><strong>it</strong></span> 
     </span>
    </p>

    <p class='ocr_par' dir='ltr' id='par_1_8' title="bbox 1129 4233 1139 4257">
     <span class='ocr_line' id='line_1_40' title="bbox 1129 4233 1139 4257; baseline 0 0"><span class='ocrx_word' id='word_1_321' title='bbox 1129 4233 1139 4257; x_wconf 73' lang='lat'><em>0</em></span> 
     </span>
    </p>
   </div>
   <div class='ocr_carea' id='block_1_4' title="bbox 190 4222 943 4281">
    <p class='ocr_par' dir='ltr' id='par_1_9' title="bbox 190 4222 943 4281">
     <span class='ocr_line' id='line_1_41' title="bbox 190 4222 943 4281; baseline -0.013 0"><span class='ocrx_word' id='word_1_322' title='bbox 190 4232 247 4281; x_wconf 86' lang='lat' dir='ltr'><strong>said</strong></span> <span class='ocrx_word' id='word_1_323' title='bbox 269 4231 294 4280; x_wconf 92' lang='lat' dir='ltr'><strong>in</strong></span> <span class='ocrx_word' id='word_1_324' title='bbox 322 4231 431 4281; x_wconf 86' lang='lat' dir='ltr'><strong>allusion</strong></span> <span class='ocrx_word' id='word_1_325' title='bbox 453 4235 479 4280; x_wconf 93' lang='lat' dir='ltr'><strong>to</strong></span> <span class='ocrx_word' id='word_1_326' title='bbox 500 4229 542 4278; x_wconf 88' lang='lat' dir='ltr'><strong>the</strong></span> <span class='ocrx_word' id='word_1_327' title='bbox 564 4228 651 4279; x_wconf 82' lang='lat' dir='ltr'><strong>leudal</strong></span> <span class='ocrx_word' id='word_1_328' title='bbox 676 4227 729 4278; x_wconf 87' lang='lat' dir='ltr'><strong>still</strong></span> <span class='ocrx_word' id='word_1_329' title='bbox 739 4240 807 4277; x_wconf 87' lang='lat' dir='ltr'><strong>more</strong></span> <span class='ocrx_word' id='word_1_330' title='bbox 817 4222 943 4274; x_wconf 79' lang='lat' dir='ltr'><strong>doubtful.</strong></span> 
     </span>
    </p>
   </div>
   <div class='ocr_carea' id='block_1_5' title="bbox 0 0 1438 4868">
    <p class='ocr_par' dir='ltr' id='par_1_10' title="bbox 0 0 1438 4868">
     <span class='ocr_line' id='line_1_42' title="bbox 0 0 1438 4868; baseline 0 0"><span class='ocrx_word' id='word_1_331' title='bbox 0 0 1438 4868; x_wconf 95' lang='lat' dir='ltr'><strong> </strong></span> 
     </span>
    </p>
   </div>
  </div>
 </body>
</html>
