2866 4868
338 393 404 458 446
554 407 667 457 essm
689 406 817 456 nucuu
841 405 1053 455 ANGLORUM.
1128 392 1213 475 [um.
1235 408 1294 457 ιη.

338 585 385 630 ex
410 570 510 649 parte
536 565 773 647 apostolorum
798 563 952 643 miserat,
980 565 1150 631 bellorum
1171 568 1294 650 frago-

339 666 435 729 ribus
460 663 613 746 undique
638 665 857 730 conflictatus
875 673 949 731 est:
973 666 1033 730 sed
1055 666 1127 745 ille,
1153 687 1294 751 semper

340 764 496 844 adversis
521 763 690 847 superior,
716 773 751 830 et
775 765 873 830 illum
896 774 931 830 et
959 772 1104 831 caeteros
1134 769 1294 851 improbe

339 872 563 947 assurgentes
595 863 736 929 tandem
768 866 952 949 oppressit.
1005 865 1187 931 Postremo
1219 887 1294 932 non

341 966 488 1029 aliorum
504 965 649 1048 impetu,
661 965 722 1028 sed
739 964 929 1030 domestico
939 960 1013 1028 ¹filii
1028 965 1109 1030 odio
1125 973 1293 1032 extrusus

340 1066 497 1148 imperio,
513 1065 744 1129 miserabilem
754 1067 836 1130 vitae
847 1066 1033 1129 terminum
1049 1066 1182 1131 habuit.
1206 1067 1294 1132 Suc-

341 1167 448 1232 cessit
477 1164 717 1229 Hildebrando
744 1163 958 1243 DesideriuS,
988 1164 1112 1230 Victor
1137 1166 1295 1249 appella·

343 1273 423 1345 tus3
448 1265 509 1328 sed
533 1265 577 1328 ad
603 1266 750 1347 primam
771 1266 926 1343 missam,
943 1263 1113 1330 incertum
1133 1285 1203 1348 quo
1221 1267 1295 1331 dis·

342 1366 499 1443 crimine,
523 1365 646 1429 cecidit
674 1365 906 1445 exanimatus
931 1365 1040 1428 calice
1072 1363 1120 1452 (si
1148 1366 1292 1448 dignum

343 1472 397 1530 est
421 1461 577 1546 credere)
602 1483 736 1528 veneno
763 1465 904 1530 infecto.
957 1465 1058 1529 Tunc
1081 1467 1117 1529 in
1135 1465 1294 1531 Odorem

343 1564 532 1629 declinavit
564 1563 708 1629 electio:
742 1565 773 1628 is
802 1565 943 1629 natione
977 1564 1114 1642 Gallus,
1143 1567 1294 1649 primum

344 1665 526 1747 Remensis
543 1664 817 1742 archidiaconus,
828 1663 908 1729 inde
923 1664 1018 1748 prior
1025 1658 1294 1744 ²Cluniacensis,

181 1784 236 1825 ln.
248 1785 304 1824 ross.
342 1785 427 1830 mox
443 1766 624 1848 episcopus
642 1763 794 1842 Hostiae,
816 1765 939 1829 ultimo
962 1784 1056 1849 papa
1071 1764 1206 1844 Romae,
1222 1766 1293 1830 Ur-

342 1867 453 1930 banus
466 1871 611 1930 vocatus
626 1871 690 1929 est.

180 1980 325 2023 cuuaoteror
394 1965 512 2049 §262
542 1965 725 2029 Hactenus
755 1962 1006 2046 circumvagari
1037 1964 1185 2043 licuerit,
1210 1965 1294 2029 dum

181 2034 281 2074 william.

342 2065 524 2130 occasione
547 2071 724 2147 gestorum
740 2062 909 2128 Willelmi
928 2063 1087 2148 quaedam
1113 2084 1293 2130 succurre·

342 2166 429 2230 bant
455 2184 534 2248 quae
561 2162 860 2247 praetermittenda
888 2183 957 2227 non
984 2166 1172 2247 putabam:
1201 2185 1294 2230 nunc

343 2264 547 2329 familiarem
562 2265 638 2349 ejus
655 2265 776 2340 vitam,
793 2270 829 2327 et
845 2283 957 2327 mores
974 2265 1168 2342 interiores,
1182 2265 1295 2330 lector

341 2365 405 2448 qui
421 2364 516 2429 volet
530 2363 658 2428 audiet.
698 2363 875 2447 Inprimis,
891 2356 972 2428 ³Dei
987 2364 1124 2427 famulis
1142 2364 1295 2443 humilis,

345 2464 511 2549 subjectis
539 2464 662 2541 facilis,
695 2464 732 2526 in
769 2463 915 2526 rebelles
948 2463 1172 2528 inexorabilis
1205 2471 1294 2531 erat.

343 2564 566 2645 ‘Religionem
584 2563 830 2640 Christianam,
848 2570 1015 2645 quantum
1038 2564 1203 2628 secularis
1215 2558 1297 2647 ⁴po-

346 2671 449 2741 terat,
474 2666 526 2728 ita
556 2663 811 2747 frequentabat,
842 2671 882 2726 ut
907 2663 1062 2746 quotidie
1091 2665 1207 2728 missae
1238 2684 1296 2728 as-

345 2765 496 2842 sisteret,
510 2759 682 2846 ⁵qu0tidie
700 2763 917 2845 vespertinos
938 2770 974 2828 et
987 2764 1176 2828 matutinos
1197 2764 1297 2847 hym-

345 2883 410 2929 nos
428 2865 574 2929 audiret.
627 2863 856 2940 Monasteria,
873 2882 979 2925 unum
995 2864 1032 2926 in
1048 2861 1192 2945 Anglia,
1208 2864 1296 2929 alte-

346 2984 423 3028 rum
437 2966 476 3029 in
494 2965 724 3042 Normannia,
742 2964 950 3028 construxit.
1003 2957 1298 3029 Primum⁶Cado-

380 3229 390 3262 ¹
404 3227 492 3302 Filia]
506 3232 540 3285 Δ.
553 3235 583 3284 C.
596 3234 631 3284 D.
643 3234 676 3285 Ε.
688 3233 719 3282 L.
728 3249 736 3295 ;
746 3233 809 3282 filio-
834 3235 885 3279 tam
893 3229 982 3280 fuisse.
999 3229 1297 3292 Cadomensibussen'um

346 3302 452 3365 runqs.
834 3300 910 3349 trium
932 3299 1035 3361 diuum,
1060 3301 1089 3349 id
1110 3306 1150 3351 est
1170 3304 1297 3355 nundinas

380 3368 391 3401 2
413 3370 599 3436 crumenam]
622 3371 656 3423 Α,
674 3373 704 3423 S.
724 3374 753 3424 c.
774 3373 809 3423 D.
834 3371 976 3432 triduanas,
997 3372 1121 3419 concessit
1142 3372 1297 3425 Willielmus

348 3441 372 3488 E
381 3444 405 3491 1.
417 3442 448 3492 L.
459 3458 467 3502 ς
483 3443 664 3505 Duniacensis,
675 3444 700 3492 E
708 3446 732 3493 2.
836 3439 1010 3502 Conquaestor,
1021 3444 1050 3488 ut
1067 3442 1165 3501 patebit
1181 3443 1247 3493 infra
1263 3460 1297 3495 ex

382 3521 392 3553 s
404 3526 476 3590 Dei]
494 3525 529 3578 A·
541 3529 570 3579 S·
583 3529 618 3579 D·
630 3529 664 3579 E·
675 3528 724 3591 L.;
738 3527 810 3576 omit,
834 3510 949 3571 ejusdem
959 3509 1069 3559 litteris?
1084 3510 1202 3577 (Notein
1213 3513 1297 3577 Bouq.

345 3594 426 3643 tedin
440 3597 470 3646 0·
835 3592 874 3696 ξι.
892 3594 919 3696 p.
941 3575 1020 3697 1883a
1045 3579 1099 3629 The
1118 3581 1201 3644 abbey
1217 3584 1246 3632 of
1259 3586 1297 3637 St.

381 3677 392 3709 ⁴
803 3700 810 3713 ‚
853 3653 895 3710 tep
914 3649 977 3710 en's,
1020 3650 1297 3711 en,isstatedtohuve

346 3681 531 3814 „alluh
555 3681 589 3734 ‘¹‘
608 3683 637 3734 ⁸·
654 3684 689 3735 ¹²·
708 3685 740 3735 Ε·
834 3719 1298 3845 rannemundus

380 3834 542 3919 rouotuaq
557 3840 587 3890 C·
594 3839 629 3890 D·
638 3841 671 3891 E·
678 3839 710 3890 L·
720 3855 727 3902 ;
738 3840 810 3889 omit·
834 3857 942 3907 known:
958 3872 1026 3907 some
1045 3860 1080 3908 ux
1097 3860 1139 3909 ue
1154 3809 1299 3916 dailei

343 3906 388 3955 teo
399 3922 425 3956 111
436 3906 470 3957 A.
483 3908 512 3958 S·
834 3928 860 3975 in
873 3932 946 3990 10⁷³,
959 3928 1042 3978 others
1061 3930 1087 3976 u
1099 3934 1174 3994 1⁰81,
1188 3935 1238 3982 and
1250 3935 1300 3986 οι-

382 3988 393 4021 ⁶
405 3993 540 4058 cadorum]
552 3993 560 4022 ‘
567 3995 651 4056 Vulgo
663 3993 742 4046 caen.
765 3996 810 4044 Ri·
834 3997 903 4047 deric
914 3999 941 4046 in
953 4002 1025 4048 1077.
1060 3999 1142 4049 There
1153 4017 1217 4066 was,
1229 4004 1300 4055 how·

345 4061 431 4111 dicule
453 4064 532 4125 igitur
556 4064 637 4114 Britto
659 4070 685 4114 et
706 4066 809 4127 quidam
834 4081 930 4131 evena
944 4067 1092 4117 foundation
1103 4070 1203 4121 cbrrter
1213 4081 1300 4136 grant-

346 4132 392 4182 alii
414 4137 515 4196 putant,
534 4133 672 4185 Gadomum
692 4135 750 4184 Caii
766 4137 810 4185 do·
834 4137 867 4186 ed
885 4139 1066 4200 subsequently
1080 4143 1106 4188 to
1126 4143 1199 4205 1066,
1214 4144 1253 4194 for
1271 4147 1298 4196 in

347 4216 415 4251 mum
434 4217 451 4252 a
470 4203 534 4254 Gaio
544 4205 616 4256 Julio
633 4205 736 4257 Gaesare
755 4207 810 4256 dic·
832 4208 854 4256 it
863 4208 976 4259 William
988 4209 1067 4270 styles
1077 4208 1181 4262 himself
1188 4213 1260 4278 king.
