2866 4868
342 388 408 452 530
564 405 677 453 casin
705 405 830 453 naeuu
856 404 1071 453 nucnouuu.
1141 388 1301 469 [marv.

342 563 515 645 specimen
540 563 651 626 crucis
665 565 820 628 vestibus
840 562 1044 643 insigniant,
1059 569 1098 625 ut
1118 560 1298 625 intestinae

342 663 421 727 fidei
436 662 519 726 soris
533 681 684 727 amorem
702 664 942 746 praetendant3
966 662 1133 725 habentes
1148 681 1211 744 per
1225 661 1298 725 Dei

342 781 556 837 concessum,
579 770 614 827 et
638 764 732 827 beati
758 763 856 828 Petri
879 760 1112 846 privilegium,
1138 759 1295 826 omniurn

342 862 594 926 absolutionem
619 864 812 940 criminum,
843 871 878 927 et
908 867 973 926 hac
998 861 1136 926 interim
1169 861 1297 925 laetitia

342 961 494 1026 laborem
518 963 653 1027 itineris
676 963 852 1040 allevient,
875 961 1028 1027 habituri
1053 968 1134 1044 post
1159 960 1294 1025 obitum

340 1061 451 1126 felicis
486 1064 645 1146 martyrii
684 1062 937 1127 commercium.
998 1062 1175 1125 Ponentes
1208 1080 1294 1142 ergo

340 1161 445 1225 ferias
469 1163 667 1241 sceleribus,
685 1171 725 1227 ut
744 1165 866 1228 saltem
887 1163 923 1227 in
946 1159 1001 1226 his
1024 1161 1225 1244 regionibus
1249 1160 1293 1223 li·

341 1269 419 1326 ceat
436 1261 641 1327 Christianis
657 1263 799 1346 pacifice
814 1263 945 1338 vivere,
955 1261 1072 1327 vadite
1085 1281 1095 1342 3
1110 1261 1206 1325 illam
1221 1261 1294 1325 sor·

342 1362 537 1439 titudinem,
552 1363 771 1445 prudentiam
792 1363 900 1440 illam,
918 1382 1022 1446 quam
1038 1361 1184 1425 incivili
1209 1379 1293 1424 con-

341 1461 438 1525 flictu
455 1461 581 1527 habere
596 1464 802 1541 consuestis,
814 1462 956 1547 justiori
971 1462 1185 1526 effundentes
1200 1481 1292 1543 prae-

341 1560 399 1624 lio.
453 1561 520 1638 Ite,
539 1563 777 1644 praedicabiles
792 1584 855 1647 per
870 1564 987 1627 orbem
1009 1561 1156 1626 milites!
1179 1561 1241 1637 ite,
1255 1569 1292 1624 et

341 1662 548 1742 prosternite
571 1663 718 1745 ignavas
740 1664 883 1745 gentes!
936 1662 1005 1727 Eat
1022 1662 1157 1726 famosa
1179 1661 1291 1725 Fran·

340 1780 458 1825 corum
471 1763 594 1836 virtus,
612 1783 690 1827 cum
705 1763 917 1846 appendiciis
936 1761 1002 1827 sibi
1019 1755 1193 1845 gentibus,
1215 1761 1292 1826 solo

340 1862 395 1924 sui
417 1861 564 1926 nominis
588 1871 718 1927 terrore
741 1870 853 1927 totum
880 1864 998 1927 orbem
1022 1869 1168 1926 motura.
1221 1861 1291 1925 Sed

340 1961 422 2042 quid
437 1982 500 2026 vos
524 1962 655 2026 diutius
677 1963 852 2040 immoror,
867 1971 906 2027 ut
921 1961 1157 2027 fortitudinem
1174 1960 1290 2043 genti·

339 2060 423 2124 lium
438 2063 553 2126 verbis
572 2066 781 2127 extenueml
824 2063 936 2127 lmmo
958 2062 1141 2145 proponite
1163 2061 1289 2125 animis

339 2162 464 2224 vestris
491 2162 658 2226 Deificam
683 2164 902 2239 sententiam,
927 2168 950 2198 ‘⁴
963 2161 1126 2244 Angusta
1151 2168 1205 2226 est
1229 2161 1290 2226 via

338 2279 416 2343 quae
439 2262 534 2326 ducit
557 2263 601 2325 ad
621 2263 765 2327 vitam.'’
816 2264 903 2327 Esto
922 2282 1004 2345 ergo
1029 2268 1070 2325 ut
1093 2260 1139 2324 sit
1163 2261 1289 2326 semita

338 2358 574 2425 itinerantium
597 2371 705 2441 arcta,
720 2363 824 2445 plena
845 2349 1026 2439 mortibus,
1042 2367 1204 2443 suspecta
1226 2381 1288 2444 pe·

338 2460 478 2540 riculis3
507 2461 568 2526 sed
595 2462 669 2527 haec
695 2464 814 2527 eadem
838 2482 902 2527 vos
930 2462 1093 2526 amissam
1116 2460 1220 2526 ducet
1242 2461 1288 2525 ad

337 2561 498 2641 patriam,
516 2582 578 2644 per
599 2564 726 2628 multas
743 2563 903 2626 nimirum
918 2562 1160 2627 tribulationes
1184 2581 1288 2644 opor-

338 2667 389 2723 tet
404 2681 467 2725 vos
485 2654 643 2727 ¹introire
667 2664 703 2726 in
725 2684 869 2745 regnum
886 2661 965 2726 Dei.
1017 2661 1180 2745 Spectate
1202 2680 1287 2744 ergo

338 2760 464 2838 animo,
482 2762 512 2823 si
535 2763 652 2844 prensi
674 2763 822 2840 fueritis,
844 2783 987 2842 cruces;
1013 2768 1169 2846 spectate
1191 2769 1287 2826 cate·

338 2878 413 2937 nas,
429 2880 644 2945 quaecunque
658 2856 851 2944 ²postremo
876 2869 1024 2946 possunt
1038 2868 1211 2926 tormenta
1233 2862 1287 2925 in-

336 2959 410 3041 fligi
423 2981 431 3039 ;
456 2963 637 3043 operimini
661 2983 723 3046 pro
739 2962 819 3027 fidei
832 2970 958 3027 vestrae
976 2964 1098 3026 robore
1112 2961 1286 3026 horrenda

335 3061 517 3142 supplicia,
531 3070 583 3139 ut,
604 3063 634 3126 si
657 3083 797 3127 necesse
821 3064 937 3140 fuerit,
955 3064 1081 3126 damno
1100 3080 1284 3144 corporum

335 3162 450 3241 agatis
466 3162 658 3226 animarum
676 3165 875 3228 remedium.
929 3164 1125 3226 Mortemne
1141 3162 1284 3238 timetiS,

335 3260 401 3323 viri
418 3260 606 3340 fortissimi,
622 3263 823 3328 fortitudine
840 3272 875 3328 et
892 3263 1038 3326 audacia
1050 3263 1284 3345 praestantesl

337 3357 433 3423 Nihil
450 3369 542 3426 certe
558 3364 594 3426 in
607 3383 671 3427 vos
684 3363 813 3446 poterit
830 3363 1043 3428 comminisci
1057 3363 1209 3426 bumana
1221 3381 1283 3426 ne-

335 3459 457 3539 quitia,
480 3481 549 3543 quo
575 3482 726 3544 superna
754 3472 918 3547 pensetur
937 3463 1070 3545 gloria;
1099 3461 1283 3526 nonenim

334 3567 416 3623 sunt
441 3561 623 3644 condignae
645 3563 824 3645 passiones
848 3564 953 3648 hujus
975 3563 1140 3646 temporis
1163 3560 1208 3625 ad
1230 3561 1285 3625 fu-

335 3665 449 3722 turam
477 3661 623 3742 gloriam
649 3683 727 3745 quae
753 3663 964 3728 revelabitur
994 3663 1031 3727 in
1063 3660 1172 3726 nobis.
1225 3659 1285 3725 An

334 3758 473 3822 nescitis
487 3763 579 3843 quod
589 3763 909 3828 viverehominibus
923 3772 977 3828 est
987 3762 1180 3838 calamitas
1196 3762 1285 3825 mori

331 3856 504 3924 felicitasl
557 3862 647 3926 Haec
664 3866 762 3928 vobis
790 3865 959 3941 doctrina,
988 3865 1018 3927 si
1043 3861 1284 3938 recordamini,

368 4135 375 4166 ¹
388 4138 517 4202 Introire]
530 4138 563 4188 A.
573 4141 602 4188 C.
613 4141 647 4189 D.
657 4141 689 4189 E.
698 4142 728 4192 L.
738 4159 745 4201 ;
757 4144 793 4190 in·
855 4138 1025 4205 ²Postremn.]
1044 4141 1076 4191 A.
1092 4143 1121 4192 C.
1140 4141 1174 4190 D.
1189 4141 1221 4188 E.
1237 4141 1268 4190 12.
1279 4156 1286 4202 ς

331 4209 412 4271 gredi,
423 4208 451 4258 S.
819 4212 938 4273 denique,
949 4211 978 4262 S.
