2866 4868
342 391 409 456 462
553 405 668 455 onera
692 407 818 456 arcun
843 407 1058 457 nucnoauu.
1137 393 1301 486 [maru.

342 563 542 626 memoriam
562 562 696 645 ingenti
718 562 879 646 congerie
899 566 1036 647 argenti
1051 571 1087 630 et
1108 565 1197 643 auri,
1215 583 1297 628 cum

341 682 555 746 gemmarum
573 664 661 742 luce,
675 665 860 748 conspicue
875 665 1071 731 adornavit.

662 857 710 904 DE
732 857 978 905 BERENGARIO.

180 986 308 1027 anaunia
393 963 511 1048 5284.
536 964 619 1029 Fuit
645 965 712 1029 hoc
736 973 890 1050 tempore
910 965 1158 1048 BerengariuS,
1180 964 1295 1032 Turo-

181 1039 294 1088 ΜΨ
343 1066 458 1128 nensis
474 1065 717 1143 haeresiarcha,
732 1066 793 1149 qui
811 1085 935 1149 panem
949 1072 984 1131 ct
1000 1067 1120 1130 vinum
1133 1067 1170 1129 in
1188 1067 1294 1130 altari

342 1166 515 1249 apposita,
539 1173 620 1248 post
638 1168 932 1231 consecrationem
954 1166 1156 1244 sacerdotis,
1171 1185 1293 1231 verum

341 1274 377 1330 et
401 1266 630 1331 substantiale
651 1286 777 1350 corpus
799 1267 942 1332 Domini
961 1266 1070 1353 (sicut
1091 1274 1213 1331 sancta
1234 1287 1292 1331 ec·

341 1366 448 1430 clesia
475 1363 660 1451 praedicat)
684 1385 760 1431 esse
783 1367 990 1450 denegabat.
1041 1367 1192 1449 Jamque
1215 1385 1293 1431 sca·

343 1467 439 1532 tabat
469 1468 581 1531 omnis
613 1465 732 1532 Gallia
760 1467 836 1551 ejus
871 1468 1040 1545 doctrina,
1070 1486 1132 1550 per
1162 1486 1293 1548 egenos

341 1566 515 1632 scholares
530 1566 633 1654 (quos
649 1568 724 1650 ipse
739 1567 942 1651 quotidiana
957 1569 1048 1650 stipe
1063 1563 1292 1652 sollicitabat)

340 1666 575 1732 disseminata.
628 1667 731 1733 Unde
753 1667 920 1734 soliditati
946 1668 1126 1732 catholicae
1152 1668 1292 1746 timens,

341 1761 484 1832 ¹sanctae
498 1768 672 1833 memoriae
690 1768 762 1832 Leo
776 1788 881 1852 papa,
890 1767 1060 1833 Vercellis
1076 1774 1199 1831 contra
1211 1787 1292 1832 eum

340 1868 501 1933 instituto
517 1867 675 1946 concilio,
689 1870 849 1933 tenebras
868 1869 1025 1934 nebulosi
1040 1868 1165 1933 erroris
1186 1886 1293 1933 evan·

340 1970 528 2050 gelicorum
557 1970 831 2033 testimoniorum
860 1969 998 2052 fulgure
1033 1968 1189 2051 depulit;
1229 1968 1293 2032 sed

340 2089 418 2133 cum
441 2077 522 2153 post
537 2070 669 2133 obitum
691 2068 767 2153 ejus
783 2070 879 2134 virus
901 2069 1085 2146 haereseos,
1101 2067 1160 2132 diu
1184 2068 1221 2132 in
1243 2068 1292 2132 si·

339 2170 442 2233 nibus
469 2170 685 2253 quorundam
711 2169 920 2234 nebulonum
950 2169 1139 2246 confotum,
1165 2169 1292 2232 iterum

341 2277 546 2353 erumperet,
561 2269 822 2334 Hildebrandus
835 2290 914 2334 cum
928 2269 1188 2334 archidiaconus
1200 2276 1295 2333 esset

341 2369 505 2448 Turonis,
534 2389 618 2434 mox
648 2390 741 2454 papa
767 2369 903 2448 Romae,
934 2369 1095 2433 adunatis
1125 2369 1293 2446 conciliis,

341 2470 536 2535 convictum
559 2471 603 2535 ad
626 2471 798 2554 dogmatis
815 2471 870 2534 sni
895 2469 1081 2534 anathema
1105 2468 1291 2552 compulit:

341 2589 421 2652 quae
447 2572 577 2654 scripta
602 2572 674 2635 suis
702 2571 800 2648 locis,
830 2571 889 2652 qui
915 2569 1100 2648 desiderat,
1126 2570 1292 2634 inveniet.

343 2670 612 2754 Responderunt
635 2671 667 2734 ei
686 2664 800 2735 ²libris
817 2669 1034 2735 Lansrancus
1061 2669 1291 2753 archiepisco-

340 2789 419 2853 puS,
440 2771 501 2835 sed
522 2772 695 2854 praecipue
720 2778 755 2836 et
779 2770 914 2836 fortiter
939 2770 1172 2848 GuimunduS,
1195 2771 1292 2853 prius

341 2870 529 2935 monachus
541 2872 583 2935 dc
599 2879 720 2936 sancto
734 2871 905 2936 Leusredo
917 2871 1154 2949 Normanniae,
1168 2876 1292 2952 postea

341 2971 523 3053 episcopus
534 2969 735 3036 Aversanus
746 2968 898 3053 Apuliae,
912 2973 1023 3035 nostri
1037 2969 1201 3053 temporis
1219 2970 1292 3035 elo·

341 3071 598 3153 quentissimns.
650 3071 773 3148 Porro,
792 3071 874 3135 licet
888 3071 1120 3154 Berengarius
1142 3071 1290 3153 primum

341 3172 490 3235 calorem
514 3170 711 3255 juventutis
741 3170 935 3253 aliquarum
962 3172 1146 3236 haercsium
1173 3170 1291 3236 defen·

340 3271 436 3335 sione
452 3271 684 3351 infamaverit,
702 3291 779 3337 aevo
805 3273 994 3336 austeriore
1016 3272 1068 3335 ita
1090 3271 1236 3354 resipuit
1250 3278 1291 3337 ut

340 3370 415 3434 sine
432 3373 677 3437 retractatione
693 3392 716 3436 a
731 3373 936 3456 quibusdam
950 3379 1092 3436 sanctus
1107 3371 1288 3450 habeatur,

340 3471 528 3536 innumeris
551 3475 663 3551 bonis,
687 3474 906 3555 maximeque
926 3472 1120 3536 humilitate
1143 3478 1179 3536 et
1200 3471 1290 3537 elee-

339 3572 504 3655 mosynis,
517 3575 728 3657 approbatus
741 3594 750 3653 ;
764 3574 941 3654 largarum
952 3572 1208 3654 possessionum
1221 3571 1294 3636 dis-

374 3862 516 3926 ¹Sanctoe.]
535 3863 559 3910 Ε
568 3865 608 3921 1.;
624 3864 802 3927 sanctissimae,
826 3864 859 3913 de
877 3879 980 3926 corpore
997 3871 1024 3914 et
1039 3865 1162 3927 sanguine
1176 3866 1290 3918 Domini.

339 3934 414 3985 AS.
429 3933 572 3984 C.D.E2.
585 3933 616 3982 L.
667 3952 676 3958 ··
827 3934 994 3997 Lanfrancus,
1012 3940 1076 3985 teste
1092 3937 1180 3984 eodem
1196 3937 1289 3987 biblio-

375 4001 490 4053 ²Librir
508 4001 682 4066 Maarsares]
699 4002 800 4064 ‘Scrip-
827 4005 932 4067 grapho,
953 4005 1056 4066 scripsit
1080 4006 1181 4066 laudes,
1200 4009 1291 4056 trium-

340 4074 382 4136 sit,
399 4076 483 4135 inquit
493 4074 649 4135 sigebertus,
661 4074 800 4122 invectivae
826 4075 900 4138 phos,
911 4080 936 4123 et
942 4089 982 4123 res
990 4080 1074 4137 gestae
1083 4075 1215 4126 Guillelmi
1223 4078 1290 4126 Nor·

339 4150 425 4194 contra
439 4145 619 4206 Berengarium
630 4145 799 4194 Turonensem
826 4161 973 4195 mancorum
1005 4142 1120 4198 comitis!
1153 4147 1234 4214 (Note
1261 4149 1288 4196 in

339 4215 468 4279 epistolae,
489 4214 606 4264 refellens
628 4216 723 4277 scripta
744 4216 800 4278 ejus
827 4217 910 4278 Bouq.
923 4230 960 4267 xr.
973 4213 1042 4280 lul.)
1115 4245 1118 4249 -
