2866 4868
124 423 194 472 nin.
210 406 283 488 uu]
414 421 588 473 ursrorun
611 422 788 470 uovnnnn.
1009 407 1088 471 743·

123 579 270 643 rundam
293 579 410 662 palam
424 586 460 645 et
472 580 637 662 probrose
659 580 894 644 dictitantium
917 601 986 645 non
1011 602 1074 646 ex-

122 679 240 762 pedire
254 681 373 744 comiti
387 686 427 743 ut
445 699 561 762 regem
587 698 687 744 secus
711 699 752 743 ac
773 680 840 762 ipsi
856 681 985 745 vellent
1000 702 1074 746 ser-

124 786 235 857 varet,
251 779 354 844 simul
368 786 405 844 et
419 781 502 862 quia
521 781 595 861 ipse
615 778 790 844 ferebatur
805 781 1001 864 plusquam
1018 803 1073 847 se-

126 879 205 958 mel,
219 879 275 945 vel
289 880 394 944 elusis
408 880 464 944 vel
479 880 630 944 delinitis
653 880 868 959 custodibus,
883 889 984 946 extra
1000 890 1074 947 sta·

125 987 238 1044 tutam
258 979 451 1044 custodiam
472 987 577 1044 noctu
598 980 790 1062 praesertim
812 982 987 1060 inventus,
1010 1003 1073 1047 an-

125 1080 216 1144 nulis
232 1079 352 1144 ferreis
370 1080 556 1144 innodatus
572 1087 637 1146 est.

124 1272 301 1332 QUOMODO
318 1271 564 1334 lMPERA'l’RlX,
580 1271 783 1320 INDUSTRlA
802 1273 948 1320 GOMl'l’lS
964 1273 1073 1319 GLOE·

175 1371 334 1434 GESTRAE,
357 1373 381 1418 A
405 1372 545 1419 LEGATO
574 1373 618 1419 ΕΤ
646 1371 862 1431 QUIBUSDAM
892 1373 1072 1422 EPlSOOPlS

176 1472 220 1518 ΕΤ
244 1471 470 1520 PRlMA'l'lBUS
495 1472 692 1520 WlNTONlAE
716 1472 880 1520 RECEPTA
904 1473 972 1521 SIT.

176 1579 263 1663 542.
288 1580 433 1645 Interim
449 1588 485 1645 et
499 1581 702 1663 imperatrix
719 1586 755 1643 et
772 1600 886 1644 comes
909 1581 1001 1664 apud
1024 1582 1073 1646 le·
1085 1604 1220 1654 Negotiatron

125 1686 247 1762 gatum
269 1679 412 1744 fratrem
434 1681 510 1765 ejus
536 1681 671 1744 nunciis
701 1687 857 1762 egerunt,
882 1688 920 1744 ut
948 1683 1071 1764 ipsam,
1085 1656 1228 1755 libili}

124 1787 292 1864 tanquam
308 1782 401 1863 regis
416 1780 561 1845 Henrici
581 1780 699 1858 filiam,
723 1788 760 1844 et
781 1782 837 1843 cui
861 1782 973 1845 omnis
997 1780 1072 1845 An·
1084 1756 1204 1805 ²h⁰¹⁰⁸⁸‘²'

125 1879 198 1962 glia
220 1887 256 1944 et
280 1880 496 1945 Normannia
509 1880 630 1964 jurata
651 1888 755 1959 esset,
775 1880 1015 1945 incunctanter
1036 1882 1073 1945 in

125 1979 306 2048 ecclesiam
328 1988 364 2045 et
379 2001 525 2063 regnum
547 1973 726 2064 reciperet.
779 1979 917 2059 Quarto
938 1981 1072 2046 decimo
1086 2006 1178 2047 reare.

124 2077 292 2145 kalendas
312 2080 434 2145 Martii
457 2101 498 2145 eo
525 2100 617 2144 anno
642 2083 755 2164 prima
775 2080 959 2145 Dominica
975 2081 1072 2161 Qua-

125 2179 329 2261 dragesimae
345 2181 423 2245 fuit.
457 2180 528 2258 Ita,
542 2181 772 2245 mediantibus
785 2181 967 2264 utrobique
984 2203 1072 2246 nun-

127 2278 202 2357 ciis,
219 2280 263 2344 ad
277 2280 343 2345 boc
354 2300 409 2344 res
424 2281 599 2364 expedita,
614 2290 653 2346 ut
670 2280 714 2345 ad
731 2281 941 2363 colloquium
956 2283 992 2345 in
1009 2302 1072 2365 pa-

126 2381 214 2444 tenti
230 2381 374 2462 planitie
391 2400 590 2464 camporum
606 2382 694 2445 citra
710 2380 924 2446 Wintoniam
947 2402 1072 2448 conve-

125 2479 269 2549 nitetur.
319 2481 475 2548 Ventum
489 2501 571 2563 ergo
592 2481 776 2545 Dominica
793 2483 897 2546 tertia
910 2481 1071 2561 Quadra·
1084 2506 1158 2547 uma
1167 2508 1186 2546 2.

125 2581 279 2663 gesimae,
301 2581 461 2664 pluvioso
475 2590 511 2647 et
523 2581 688 2645 nebuloso
704 2582 771 2659 die,
787 2583 888 2664 quasi
911 2592 1071 2647 moestam

126 2699 240 2744 causae
251 2681 522 2746 vicissitudinem
532 2681 622 2745 Fata
634 2681 890 2763 portenderent.
930 2682 953 2746 J
956 2685 1072 2748 uravit

126 2785 163 2843 et
175 2777 329 2845 affidavit
343 2781 545 2862 imperatrix
563 2779 737 2863 episcopo,
753 2782 846 2864 quod
865 2784 982 2846 omnia
998 2803 1073 2847 ma-

121 2877 202 2963 jora
227 2881 369 2962 negotia
392 2881 429 2943 in
443 2878 586 2962 Augila,
605 2880 846 2964 praecipueque
868 2881 1072 2947 donationes

125 2980 386 3062 episcopatuum
404 2986 439 3043 et
456 2981 684 3058 abbatiarum,
699 2980 775 3064 ejus
791 2988 911 3045 nutum
934 2990 1071 3065 specta-

126 3086 215 3157 rent,
232 3081 263 3143 si
284 3098 361 3143 eam
378 3080 454 3162 ipse
470 3074 523 3143 ¹in
542 3087 664 3144 sancta
685 3080 831 3144 ecclesia
846 3082 882 3144 in
897 3082 1072 3146 dominam
1176 3135 1178 3140 .

125 3180 303 3261 reciperet,
336 3185 372 3242 et
400 3184 603 3263 perpetuam
632 3181 664 3244 ei
694 3180 895 3245 fidelitatem
927 3187 1071 3248 teneret.

127 3279 225 3343 Idem
235 3279 445 3362 juraverunt
458 3300 537 3344 cum
559 3300 613 3358 ea,
626 3289 662 3345 et
684 3279 910 3345 affidaverunt
933 3302 996 3364 pro
1018 3302 1073 3361 ea,

128 3378 304 3444 Robcrtus
332 3378 440 3444 frater
468 3380 545 3464 ejus
573 3399 688 3444 comes
716 3380 760 3445 de
791 3380 1005 3459 Gloecestra,
1038 3389 1073 3447 et

127 3479 279 3544 Brianus
303 3479 396 3543 filius
418 3481 552 3544 comitis
577 3479 730 3544 marchio
755 3480 799 3544 de
820 3480 1073 3562 walingeford,

127 3585 163 3645 et
178 3578 267 3644 Milo
281 3578 323 3644 de
339 3579 554 3657 Gloecestra,
569 3587 692 3663 postea
702 3600 816 3644 comes
829 3580 873 3644 de
889 3580 1074 3660 Hereford,
1116 3662 1119 3667 ,

127 3686 163 3743 et
177 3680 333 3743 nonnulli
349 3680 420 3744 alii.
455 3679 531 3744 Nec
548 3680 722 3745 dubitavit
731 3682 913 3764 episcopus
927 3682 1075 3763 impera-

127 3780 248 3844 tricem
269 3780 307 3842 in
328 3780 502 3844 dominam
526 3778 664 3863 Angliae
696 3780 859 3863 recipere,
882 3782 971 3845 etei
996 3802 1074 3846 cum

128 3879 334 3963 quibusdam
349 3879 421 3944 suis
437 3878 589 3958 affidare,
604 3879 709 3962 quod,
726 3880 890 3962 quamdiu
905 3881 982 3964 ipsa
993 3901 1075 3965 pac-

128 3984 204 4061 tum
219 3999 290 4044 non
311 3978 526 4062 infringeret,
539 3980 615 4062 ipse
629 3999 767 4064 quoque
789 3979 891 4043 fidem
913 3981 945 4044 ei
960 3989 1077 4047 custo-

411 4230 418 4262 ¹
433 4233 485 4296 ira]
502 4233 532 4283 S.
545 4234 598 4295 D.;
621 4248 689 4297 curn,
701 4235 732 4284 Ε.
744 4234 796 4284 La.

877 4325 891 4369 3
909 4334 923 4368 c
940 4325 957 4369 2
