2866 4868
122 395 274 476 muru]
349 412 463 462 cusrn
486 412 613 460 nucuu
638 410 852 459 euccouuu.
1008 396 1074 460 569

123 566 183 648 qui
200 564 380 629 vocalibus
397 565 520 630 fidibus
536 566 680 642 auritos,
702 574 740 629 ut
756 565 893 642 dicitur,
911 569 1072 650 scopulos

123 665 233 742 flexit,
247 672 453 748 resurgeret.
506 664 689 748 Cogitetur
711 666 819 747 igitur
833 665 950 748 potius
967 687 1072 749 quam

123 766 272 829 dicatur.
314 822 317 827 ,

173 865 190 948 ξ
212 864 288 928 370.
322 862 414 927 Illud
440 864 578 945 insigne
602 863 823 928 continentiae
850 865 886 928 in
910 866 1069 932 omnibus
1082 884 1224 929 normano·

121 965 346 1047 optimatibus
372 963 568 1047 exemplum
588 964 666 1041 fuit,
683 965 775 1046 quod
790 985 854 1029 nec
869 985 910 1029 eo
924 965 991 1043 die,
1007 987 1070 1031 nec
1082 935 1208 1026 iiiildm'

120 1063 423 1147 consequentibuS,
441 1065 625 1146 quisquam
649 1072 807 1146 respectu
833 1064 960 1146 praedae
983 1085 1068 1131 avo-

121 1165 215 1228 cavit
237 1164 389 1228 animum
406 1164 491 1246 quin
514 1170 668 1245 coeptum
693 1172 981 1247 persequerentur
1006 1168 1067 1230 tri-

119 1264 296 1346 umphum.
349 1262 451 1326 Solus
465 1262 681 1340 Tancredus,
703 1263 947 1346 intempestiva
970 1267 1067 1348 cupi-

119 1363 198 1426 dine
212 1369 413 1445 occupatus,
430 1362 590 1446 quaedam
609 1361 859 1445 pretiosissima
879 1364 921 1428 de
939 1367 1067 1447 templo

120 1463 314 1527 Salomonis
336 1463 462 1526 extulit
473 1450 485 1541 3'
506 1461 567 1525 sed
591 1463 823 1544 postmodum,
846 1482 911 1527 sua
935 1466 1068 1528 consci-

119 1563 213 1626 entia
238 1569 273 1626 et
296 1561 442 1625 aliorum
463 1568 654 1626 conventus
671 1562 856 1645 colloqui0,
874 1564 930 1628 vel
948 1565 1067 1627 eadem

118 1662 175 1727 vel
205 1661 406 1744 appreciata
434 1661 511 1725 loco
542 1662 705 1725 restituit.
757 1661 848 1724 Tum
871 1663 1067 1746 quicunque

119 1756 249 1844 egenus
265 1762 320 1826 vel
344 1761 484 1824 domum
504 1761 560 1824 vel
587 1761 722 1843 aliquas
748 1761 887 1826 divitias
916 1762 1064 1843 invasit3

119 1879 296 1944 nunquam
322 1861 465 1924 ulterius
494 1860 598 1923 ullius
627 1861 810 1942 locupletis
840 1863 921 1926 tulit
947 1864 1064 1927 convi-

120 1961 218 2038 tium,
233 1961 295 2024 sed
314 1961 420 2024 semel
444 1979 606 2043 possessa
621 1961 657 2024 in
676 1961 736 2045 jus
760 1961 942 2042 adoptavit
956 1962 1064 2026 haere-

118 2060 292 2125 ditarium.
345 2059 421 2123 Nec
444 2080 553 2138 mora,
569 2060 792 2144 praelucidum
816 2061 902 2124 illud
918 2061 1064 2126 Christi·
1078 2079 1169 2130 Godfrer

119 2179 197 2224 anae
220 2160 411 2225 nobilitatis
438 2161 608 2243 specular,
631 2160 666 2222 in
688 2181 757 2243 quo
775 2161 870 2225 velut
892 2162 928 2223 in
951 2130 1154 2244 splen·chonen
1167 2130 1225 2181 Μ’

118 2261 199 2326 dido
221 2261 377 2325 lacunari
401 2262 554 2325 omnium
578 2261 746 2324 virtutum
770 2261 1066 2343 repercutiebatur

114 2360 233 2445 jubar,
258 2355 493 2436 ¹Godefridus,
525 2361 560 2423 in
583 2380 700 2442 regem
730 2360 880 2441 eligitur,
906 2363 1065 2425 omnibus

118 2479 188 2523 non
205 2461 334 2542 ignava
355 2478 417 2542 spe
440 2459 707 2536 conferentibuS,
722 2461 817 2524 nullo
842 2461 942 2525 modo
963 2481 1065 2544 posse

118 2559 295 2623 decentius
326 2559 477 2640 prospici
502 2559 656 2623 ecclesiae
680 2559 913 2639 utilitatibus3
937 2554 1064 2626 ²dilato

116 2659 254 2723 interim
272 2658 315 2721 de
329 2658 527 2740 patriarcha
545 2659 701 2736 consilio,
722 2659 780 2741 qui
797 2660 947 2724 Romani
962 2681 1064 2744 papae

116 2760 257 2824 deberet
270 2758 435 2822 substitui
447 2758 591 2842 judicie.

168 2858 187 2943 ᾗ
210 2858 287 2923 371.
310 2855 361 2922 At
387 2877 468 2922 vero
494 2858 683 2940 Babylonis
706 2859 904 2940 imperator,
931 2880 998 2923 non
1023 2861 1063 2925 il·
1077 2879 1230 2920 rhenones

1077 2930 1168 2969 Ascalon

116 2958 184 3022 lius
197 2978 287 3040 quae,
306 2977 328 3021 a
345 2956 540 3021 Nembroth
555 2958 661 3034 facta,
679 2977 700 3021 a
716 2957 940 3023 Semiramide
960 2969 1064 3024 aucta
1078 2980 1132 3079 pp.
1143 2983 1200 3069 ii⁹⁹’

116 3050 211 3121 8esse
233 3058 418 3136 asseritur3
443 3056 503 3119 sed
527 3057 746 3139 illiusquam
769 3057 959 3141 Cambyses
982 3058 1065 3141 Gyri

116 3157 209 3221 filius
227 3156 412 3221 aedificavit
425 3157 462 3220 in
480 3157 648 3238 AEgypto,
665 3156 701 3218 in
716 3157 793 3221 loco
816 3157 875 3221 ubi
890 3158 1064 3239 quondam

116 3255 231 3321 fuerat
257 3256 707 3338 Thaphnis‚-imperat0r
735 3276 819 3337 ergo
860 3256 1063 3339 Babylonis

151 3502 159 3535 ¹
169 3505 317 3565 Godefridue
327 3505 354 3554 in
365 3520 446 3568 regem
452 3505 578 3569 eligitur]
603 3504 648 3553 did
659 3509 702 3553 not
712 3505 763 3552 live
774 3508 800 3553 to
811 3505 873 3554 hear
883 3506 912 3554 of
920 3506 962 3555 the
973 3521 1065 3555 memo·

115 3575 178 3624 'l'bis
188 3575 282 3625 devout
295 3575 396 3637 pilgrim
413 3576 522 3638 rejected
535 3577 578 3625 the
602 3576 673 3624 rable
683 3579 772 3635 event;
783 3574 815 3623 he
824 3575 883 3624 died
895 3577 954 3625 auth
963 3577 993 3624 of
1000 3579 1064 3640 July

114 3646 248 3695 nameund
261 3645 403 3707 ensignsol'
415 3647 579 3707 royultyina
603 3649 677 3707 1099,
698 3645 812 3693 fourteen
840 3646 904 3706 days
931 3647 995 3695 aster
1021 3648 1064 3696 the

114 3716 168 3776 city
177 3715 262 3764 where
273 3715 314 3764 his
324 3716 431 3764 Saviour
447 3715 499 3763 had
515 3717 578 3764 been
600 3719 722 3776 conquest
740 3713 769 3761 of
786 3715 939 3764 Jerusalem.
975 3716 1064 3764 Daim-

116 3786 233 3834 crowued
255 3785 318 3833 with
340 3785 441 3833 thorus:
466 3785 497 3833 be
521 3801 578 3833 con·
601 3785 654 3832 bert
665 3784 816 3844 archbisbop
835 3784 864 3832 os
881 3785 1009 3833 Pisawas
1025 3787 1064 3833 in-

115 3856 201 3905 teuted
218 3855 322 3904 himself
334 3855 398 3902 with
417 3854 459 3903 the
482 3856 579 3904 modest
600 3855 700 3914 stalled,
708 3853 816 3902 without
826 3855 1005 3915 acornpetitor,
1014 3869 1062 3915 pa-

115 3926 171 3975 title
182 3925 211 3974 ol'
224 3925 370 3975 ‘Defendet
385 3925 436 3973 und
453 3925 536 3973 Baron
553 3925 582 3974 os
600 3923 693 3972 triarch
711 3923 740 3970 of
753 3923 905 3972 Jerusalem.
922 3923 983 3989 (See
999 3925 1063 3972 Wil-

115 3997 159 4046 the
171 3997 241 4057 Holy
253 3995 410 4056 sepulchre?
600 3994 661 4041 liam
680 3993 709 4040 os
724 3993 800 4053 Tyre,
810 3994 855 4042 lib.
868 4007 905 4042 rx.
918 4008 941 4042 c.
954 3998 1063 4056 15-18,

152 4063 259 4114 'Diluta
277 4064 376 4112 interim
390 4067 420 4112 de
436 4063 579 4126 patriarcba
601 4063 652 4111 and
662 4063 707 4111 lib.
720 4076 746 4111 x.
759 4068 784 4122 4,
796 4067 821 4122 7,
832 4060 869 4126 9.)

116 4135 226 4195 coneilio,
236 4134 279 4197 qui
289 4134 393 4182 Romani
403 4148 472 4196 pcpoe
484 4134 579 4182 deberet
636 4130 647 4162 ³
659 4133 720 4180 Esse
730 4133 870 4195 aaronitae]
887 4132 922 4181 D.
937 4133 983 4192 E.;
995 4149 1062 4182 nunc

114 4205 232 4255 substitui
250 4204 368 4268 judicia]
382 4205 468 4266 ‘Pope
492 4205 579 4252 Urban
602 4202 724 4252 asseritur
735 4203 843 4265 deserte,
856 4202 887 4251 Α.
901 4203 929 4253 S.
944 4204 973 4253 C.
986 4204 1017 4253 L.
