2866 4868
185 400 343 480 maun]
414 415 530 464 casua
552 414 680 463 aucun
704 414 919 463 nucuouuu.
1070 398 1136 464 463

184 572 365 656 pertiendo
379 573 551 651 dominus,
565 593 636 637 non
651 571 893 637 abscondendo
912 580 947 637 et
960 572 1137 638 adorando
1149 595 1245 634 nemum
1254 594 1278 632 u

187 673 356 754 famulus3
389 673 562 738 foemineae
594 673 786 738 venustatis
814 673 900 737 adeo
928 692 1066 756 parcus,
1097 681 1138 740 ut
1149 646 1263 694 ΜΨ

188 775 317 838 nullam
339 774 540 857 conspectui
561 792 624 838 suo
646 780 824 857 pateretur
842 774 989 852 admitti,
1005 794 1049 838 ne
1066 774 1137 838 for-

188 894 280 937 mam
295 873 470 938 videretur
483 873 653 938 delibasse
673 874 774 938 oculo
788 893 893 956 quam
913 894 984 938 non
1006 874 1138 958 prurie-

188 975 248 1039 bat
271 975 398 1039 animo.
451 973 534 1039 Non
553 975 731 1057 aspernari
753 992 951 1057 pauperem,
964 960 1034 1038 non
1053 975 1138 1038 adu-

189 1075 254 1138 lari
276 1075 437 1156 divitem3
464 1075 650 1138 secundum
670 1082 830 1139 naturam
845 1075 984 1154 vivere3
1007 1075 1139 1141 habens

189 1176 320 1240 victum
344 1182 380 1249 et
401 1176 578 1253 vestitum,
601 1175 708 1258 juxta
737 1175 945 1257 apostolum,
974 1176 1028 1240 bis
1057 1196 1139 1241 con·

190 1282 307 1340 tentus
336 1295 423 1340 esse.
452 1275 579 1339 ·Unde
607 1295 686 1340 eum
718 1274 839 1340 laudat
869 1274 1139 1341 Cenomanensis

190 1375 347 1459 pontifex
370 1375 609 1453 Hildebertus,
630 1377 666 1438 in
688 1375 808 1458 primis
829 1376 1043 1442 versificator
1065 1378 1139 1440 exi-

190 1476 279 1539 mius
292 1497 301 1556 3
325 1475 424 1560 cujus
438 1476 545 1540 verba
561 1483 744 1559 propterea
761 1476 904 1553 inserui,
919 1484 959 1540 ut
972 1477 1140 1559 praedica-

190 1575 269 1639 bilis
292 1577 447 1658 episcopi
476 1575 636 1640 affectum
662 1577 699 1638 in
722 1576 927 1657 magistrum
949 1578 1141 1655 ostendam,

191 1675 293 1739 simul
315 1684 351 1740 et
369 1674 528 1739 doctrina
541 1676 617 1760 ejus
635 1676 700 1740 erit
714 1675 874 1758 exemplo
890 1678 1039 1759 posteris
1054 1671 1141 1761 ¹quo

192 1775 364 1858 quomodo
378 1776 451 1841 vivi
464 1775 589 1841 debeat
604 1775 768 1853 instituit,
785 1777 851 1840 etsi
868 1776 1014 1865 fortasse
1029 1786 1140 1842 metas

191 1895 282 1941 verae
297 1876 409 1940 laudis
424 1896 541 1941 amore
555 1876 721 1942 incitatus
737 1876 951 1941 transilierit.

191 2024 327 2104 ‘Quem
340 2025 443 2090 modo
460 2025 618 2104 miratur,
633 2045 769 2108 semper
781 2026 961 2090 mirabitur
977 2027 1081 2106 orbis,

234 2125 309 2189 ·Ille
325 2126 558 2208 Berengarius
572 2146 643 2190 non
662 2126 818 2190 obiturus
832 2126 916 2191 obit.

85 2243 88 2247 ·
194 2226 318 2305 Quem,
336 2246 445 2290 sacrae
458 2226 538 2290 fidei
555 2225 697 2308 fastigia
709 2245 843 2290 summa
860 2233 1047 2305 tenentem,

242 2325 267 2390 J
269 2345 325 2389 am
341 2327 464 2409 quinta
477 2325 549 2390 dies
567 2326 722 2404 abstulit,
738 2346 824 2391 ausa
839 2326 947 2392 nefas·

194 2426 263 2489 Illa
275 2426 349 2490 dies
364 2425 532 2491 damnosa
547 2427 631 2505 dies,
647 2434 682 2491 et
695 2425 826 2510 perfida
838 2426 978 2505 mundo,

245 2524 326 2604 Qua
339 2526 438 2590 dolor
453 2533 488 2590 et
502 2546 617 2589 rerum
632 2546 766 2590 summa
779 2527 882 2590 ruina
895 2526 962 2590 fuit
976 2547 985 2607 3

196 2624 276 2704 Qua
290 2631 404 2690 status
417 2626 584 2704 ecclesiae,
600 2645 670 2709 qua
685 2646 777 2709 spes,
793 2647 863 2710 qua
879 2627 989 2708 gloria
1003 2626 1098 2705 cleri,

247 2724 328 2804 Qua
344 2727 457 2790 cultor
467 2727 569 2810 juris,
582 2725 662 2810 jure
678 2733 811 2804 ruente,
830 2727 911 2790 ruit.

198 2824 372 2909 Quicquid
385 2826 592 2910 philosophi,
607 2826 770 2909 quicquid
786 2827 939 2890 cecinere
952 2832 1077 2908 poctac,

246 2925 393 3008 Ingenio
408 2926 512 2990 cessit
526 2925 731 3010 eloquioque
747 2946 822 2990 suo.

197 3025 357 3091 Sanctior
370 3033 406 3090 et
418 3026 530 3111 major
543 3027 726 3109 sapientia,
740 3027 853 3111 majus
870 3025 1004 3102 adorta,

247 3125 411 3209 Implevit
424 3146 561 3190 sacrum
575 3134 696 3209 pectus
710 3133 746 3189 et
761 3145 823 3190 ora
839 3126 927 3190 Deo.

197 3225 326 3291 Pectus
339 3244 418 3289 cunr
435 3225 557 3304 voluit,
573 3246 643 3290 vox
656 3226 812 3308 protulit,
827 3227 918 3290 actio
934 3225 1115 3309 prompsit,

247 3326 394 3408 Singula
411 3326 552 3390 Factori
568 3326 618 3389 sic
633 3326 795 3390 studuere
813 3345 888 3389 suo.

197 3423 263 3489 Vir
278 3445 376 3490 sacer
392 3434 427 3490 et
440 3427 591 3509 sapiens,
607 3426 663 3489 cui
678 3445 803 3489 nomen
818 3425 941 3489 crescit
953 3424 991 3487 in
1007 3424 1132 3504 horas3

248 3525 328 3605 Quo
338 3526 449 3590 minor
464 3534 517 3591 est
528 3526 697 3610 quisquis,
708 3527 880 3590 maximus
891 3532 945 3588 est
954 3524 1142 3589 hominum.

198 3624 264 3689 Cui
278 3646 400 3690 sensus
413 3628 559 3710 peperit,
572 3632 692 3718 partos
706 3625 861 3691 servavit
873 3624 1021 3689 honores
1033 3645 1042 3705 3

248 3724 315 3789 Cui
330 3727 444 3809 potior
456 3746 590 3809 pauper
604 3727 723 3804 divite,
736 3726 864 3810 jusque
878 3726 987 3789 lucro.

198 3824 263 3889 Cui
281 3845 343 3889 nec
358 3826 523 3890 desidiam
539 3845 602 3891 nec
618 3827 739 3907 luxum
755 3845 810 3889 res
826 3826 921 3890 dedit
935 3823 1063 3907 ampla,

248 3924 325 3989 Nec
338 3926 506 3990 tumidum
520 3926 603 3991 fecit
616 3927 746 3991 multus
760 3934 795 3990 et
811 3925 901 3989 altus
916 3925 1039 3990 honos,

323 4280 326 4285 ι
390 4218 397 4249 ¹
416 4213 494 4286 Qua]
512 4220 537 4268 Ε
546 4224 587 4280 l.;
604 4207 665 4282 qua,
675 4217 709 4268 A.
723 4218 752 4269 S.
766 4219 796 4267 G.
808 4218 843 4266 D.
854 4218 910 4269 Ea.
923 4216 954 4267 L.
