2866 4868
345 392 412 457 498
562 412 675 459 οΕετΑ
699 411 826 459 aucun
849 410 1064 459 naumann.
1144 396 1301 478 [manv.

345 569 515 652 baturque
543 571 681 634 tandem
711 570 833 646 honor,
863 576 903 633 ut
932 570 984 633 ita
1013 568 1138 646 dicam,
1168 570 1297 648 nudus,

345 689 472 751 magno
499 679 616 735 tamen
641 679 789 753 emptus.
842 670 933 733 Haec
955 689 996 733 eo
1020 668 1218 751 indigniora
1242 672 1297 735 vi-

345 769 526 848 debantur,
554 771 659 854 quod,
684 778 837 853 tempore
865 771 987 852 patris,
1007 777 1087 851 post
1114 769 1296 835 decessum

346 871 497 952 episcopi
514 871 570 935 vel
593 871 728 934 abbatis
744 890 862 934 omnes
882 870 1035 934 redditus
1058 871 1192 952 integre
1215 891 1296 936 cus-

346 970 577 1048 todiebantur,
594 971 834 1035 substituendo
850 971 982 1053 pastori
1005 970 1216 1052 resignandi,
1232 972 1296 1035 eli-

345 1071 584 1156 gebanturque
607 1091 764 1154 personae
788 1071 963 1152 religionis
989 1071 1110 1135 merito
1135 1070 1296 1136 laudabi-

344 1169 395 1233 les
409 1191 418 1251 3
440 1179 585 1248 atvero,
603 1171 760 1254 pauculis
777 1173 878 1235 annis
895 1170 1200 1249 intercedentibus,
1220 1192 1296 1237 om-

345 1271 405 1333 nia
426 1272 620 1336 immutata.
673 1270 802 1335 Nullus
819 1272 916 1335 dives
942 1271 1009 1334 nisi
1030 1272 1295 1352 nummularius,

346 1370 462 1445 nullus
487 1372 632 1454 clericus
656 1372 723 1435 nisi
745 1372 952 1448 causidicus
973 1371 1090 1435 nullus
1112 1374 1297 1456 presbyter

345 1471 413 1533 nisi
427 1470 484 1557 (ut
500 1473 606 1537 verbo
621 1492 742 1554 parum
754 1471 880 1536 Latino
894 1467 991 1555 utar)
1003 1470 1186 1536 firmarius.
1220 1473 1293 1539 Cu·

340 1570 538 1655 juscunque
562 1573 769 1636 conditionis
793 1571 1033 1648 homunculus,
1054 1571 1294 1657 cujuscunque

345 1671 498 1735 criminis
515 1692 606 1749 reus,
615 1673 734 1736 statim
749 1678 789 1735 ut
801 1671 844 1735 dc
854 1672 951 1735 lucro
962 1672 1054 1753 regis
1069 1673 1294 1756 appellasset,

346 1771 573 1852 audiebatur3
608 1774 652 1836 ab
677 1772 763 1855 ipsis
789 1772 934 1836 latronis
958 1770 1296 1840 faucibusresolve-

344 1872 449 1936 batur
466 1873 610 1956 laqueus
638 1873 667 1936 si
691 1873 907 1954 promisisset
925 1872 1042 1954 regale
1064 1875 1292 1939 commodum.

347 1964 487 2036 ¹Soluta
517 1973 658 2037 militari
681 1972 875 2055 disciplina,
906 1972 1054 2036 curiales
1084 1975 1292 2039 rusticorum

345 2073 560 2137 substantias
582 2074 868 2156 depascebantur,
886 2073 1106 2137 insumebant
1121 2073 1293 2154 fortunas,

395 2174 514 2237 buccis
537 2175 740 2238 miserorum
764 2174 858 2236 cibos
887 2173 1137 2237 abstrahentes.
1190 2175 1293 2241 Tunc

346 2271 462 2336 fluxus
484 2274 641 2350 crinium,
663 2281 746 2338 tunc
773 2273 878 2337 luxus
901 2274 1062 2350 vestium,
1088 2282 1172 2338 tuuc
1190 2268 1294 2341 ²usus

347 2372 539 2437 calceorum
565 2395 643 2438 cum
670 2373 821 2438 arcuatis
847 2374 976 2437 aculeis
997 2373 1178 2439 inventus:
1207 2377 1296 2442 mol·

346 2471 420 2537 litie
436 2475 589 2557 corporis
607 2483 740 2538 certare
756 2493 834 2539 cum
848 2472 1010 2551 foeminis,
1025 2493 1180 2556 gressum
1198 2476 1294 2542 iran-

346 2592 439 2654 gere,
463 2582 564 2656 gestu
581 2576 696 2639 soluto
715 2582 751 2639 et
770 2575 879 2644 latere
904 2574 996 2638 nudo
1017 2575 1187 2655 incedere,
1208 2578 1295 2644 ado·

346 2672 548 2738 lescentium
590 2677 763 2758 specimen
791 2681 878 2738 erat.
940 2674 1106 2752 EnerveS,
1134 2678 1293 2758 emolliti,

345 2776 437 2854 quod
448 2776 522 2839 nati
537 2774 674 2839 fuerant
683 2775 785 2839 inviti
800 2775 1003 2854 manebant3
1022 2769 1296 2858 ³expugnatores

345 2873 468 2938 alienae
486 2876 674 2957 pudicitiae,
688 2875 824 2959 prodigi
840 2894 921 2938 suae.
975 2875 1216 2957 Sequebantur
1232 2899 1295 2943 cu-

345 2973 432 3036 riam
447 2974 735 3040 effoeminatorum
749 2995 873 3038 manus
895 2983 931 3039 et
945 2995 1133 3056 ganearum
1155 2998 1293 3062 greges,

345 3081 385 3138 ut
412 3094 481 3139 non
515 3083 643 3140 temere
673 3096 695 3139 a
722 3076 872 3158 quodam
898 3076 1055 3157 sapiente
1082 3078 1212 3142 dictum
1233 3081 1294 3160 sit,

344 3166 497 3238 ⁴l'elicem
511 3174 584 3240 iore
597 3175 761 3258 Angliam
777 3176 807 3240 si
822 3175 997 3239 Henricus
1010 3186 1191 3260 regnaret3
1207 3181 1297 3246 talia

379 3374 388 3405 ¹
408 3377 494 3426 Soluto
521 3378 626 3426 militari
647 3378 805 3447 disciplina]
832 3377 949 3426 observes
963 3375 1018 3424 that
1035 3376 1077 3426 the
1093 3377 1147 3427 first
1161 3379 1298 3447 improver,

345 3447 469 3507 Compare
487 3448 605 3512 Eadmer,
617 3448 687 3499 Hist.
699 3450 767 3499 Nov.
779 3465 805 3510 p.
833 3448 867 3508 by
886 3445 982 3510 adding
999 3446 1041 3495 the
1058 3447 1118 3510 long
1134 3451 1228 3500 curved
1245 3457 1297 3504 ter·

344 3521 386 3567 94.
832 3517 962 3579 mination,
972 3530 1027 3565 was
1044 3531 1060 3565 a
1075 3517 1161 3568 fellow
1176 3519 1296 3585 (quidam

381 3585 470 3637 2[Ιειιε
480 3588 611 3637 calceorum
629 3604 684 3637 com
699 3589 808 3638 oraculis
831 3583 936 3651 nebulo)
953 3589 979 3635 in
995 3586 1037 3636 the
1057 3595 1129 3637 court
1143 3590 1172 3638 of
1181 3591 1296 3645 William

344 3657 434 3707 mahir
454 3658 587 3722 incentha]
604 3659 701 3708 ‘Tbeae
725 3660 808 3720 ahoes,
832 3658 926 3719 Rufus,
936 3657 1027 3707 named
1043 3658 1155 3710 Robert.'
1176 3659 1297 3730 (Sharpe‚

345 3728 429 3777 which
447 3743 510 3790 gave
527 3730 644 3778 occasion
655 3729 694 3778 ior
704 3731 807 3778 various
832 3744 858 3789 p.
871 3724 940 3792 386.)

346 3798 494 3847 ordinances
514 3799 552 3847 for
574 3800 640 3848 their
665 3801 807 3862 regulation
867 3796 1077 3861 ‘Expugnare
1126 3799 1197 3861 Μ]
1213 3803 1297 3856 Orde-

346 3882 375 3916 or
392 3869 512 3917 abolition
526 3868 619 3932 during
636 3871 734 3919 several
751 3885 807 3919 suc·
832 3868 900 3917 ricus
907 3869 999 3918 Vitalis
1010 3883 1129 3919 censuras
1137 3870 1179 3921 the
1188 3873 1297 3940 French,

346 3941 443 3987 cessive
471 3940 606 4001 centuries,
633 3956 675 3989 are
704 3941 760 3990 said
782 3945 807 3989 to
832 3939 883 3988 and
910 3940 1075 4001 particularly
1098 3940 1140 3990 the
1168 3942 1297 3998 Normans

346 4008 411 4058 have
438 4008 512 4056 owed
536 4009 602 4057 their
627 4012 755 4060 invention
782 4016 807 4059 to
832 4009 913 4059 under
931 4010 1009 4058 Duhc
1027 4010 1130 4073 Robert,
1151 4011 1190 4061 ior
1206 4019 1296 4082 nearly

347 4079 415 4127 Fulk
434 4079 487 4127 carl
498 4079 527 4127 oi
534 4079 629 4142 Anjou,
648 4082 674 4129 in
692 4082 765 4130 order
782 4088 807 4129 to
833 4081 929 4128 similar
940 4082 1016 4130 vices.

346 4148 405 4198 bide
422 4149 462 4197 his
479 4148 614 4199 ill-formed
631 4152 807 4211 feet-Orde-
868 4147 1014 4200 ⁴Felicem.
1028 4185 1055 4200 ..
1074 4153 1249 4216 execraretur]
1266 4159 1297 4212 S,

346 4220 414 4281 ricus
425 4219 527 4283 Vitalis,
545 4235 571 4282 p.
592 4225 654 4282 682;
673 4221 731 4270 who
752 4222 807 4272 also
835 4221 865 4270 C.
886 4220 920 4270 D.
939 4221 990 4282 E.;
1017 4221 1090 4271 curia
1107 4223 1175 4284 regis
1192 4224 1296 4290 Angliae
