2866 4868
183 389 337 470 niu.rv.]
412 404 525 452 cusan
548 404 674 451 nucum
699 402 914 452 rnouonun.
1068 386 1134 450 527

449 577 569 626 SERMO
594 576 733 625 URBANl
760 577 873 624 PAPAE.

238 687 256 770 ᾗ
277 686 354 750 347.
378 685 541 762 ‘Multa'
557 682 718 771 (inquit,)
742 677 905 748 ‘¹fratres
932 683 1134 762 charissimi,
1148 706 1298 758 ropeurnna

185 788 239 850 his
254 787 374 851 diebus
387 786 486 850 vobis
504 787 597 850 dicta
614 786 787 864 recolitis3
811 785 970 867 quaedam
993 784 1029 847 in
1052 803 1135 848 con-

185 887 264 951 cilio
279 894 398 950 nostro
413 885 526 969 jussa,
542 885 702 969 quaedam
718 885 876 949 inhibita.
916 884 1135 948 Inconditum

186 996 222 1052 et
254 986 436 1050 confusum
464 987 633 1049 scelernm
669 985 774 1048 chaos
810 985 975 1066 exigebat
1005 985 1137 1049 dierum

186 1087 374 1151 multorum
391 1087 636 1166 interstitium,
663 1092 826 1150 veternus
842 1086 983 1148 morbus
998 1084 1138 1150 volebat

188 1187 390 1251 cauterium.
425 1186 518 1249 Dum
533 1187 624 1249 enim
636 1184 831 1266 indulgenti
846 1185 927 1247 fune
945 1185 1137 1248 clementiae

187 1278 390 1350 dimittimus
406 1285 546 1363 lineam,
556 1285 668 1350 multa
682 1285 784 1349 modo
800 1284 1017 1368 apostolatus
1028 1284 1138 1347 nostri

1148 759 1231 809 speech.

188 1386 330 1450 offendit
362 1383 509 1451 officium
543 1405 621 1468 quae
650 1385 864 1468 praecideret,
887 1384 983 1448 nulla
1013 1385 1137 1467 quibus

188 1494 357 1570 parceret.
410 1485 478 1549 Sed
502 1486 607 1550 fuerit
630 1486 798 1549 hactenus
821 1485 981 1547 humanae
1005 1484 1137 1566 fragili·

188 1587 271 1650 tatis
296 1585 389 1668 quod
420 1588 613 1668 peccastis3
645 1584 750 1669 quod,
776 1585 1014 1648 illecebrarum
1038 1585 1137 1647 invo-

190 1687 294 1749 lucris
324 1686 442 1767 sopiti,
473 1687 651 1750 coelestem
682 1685 916 1766 exasperastis
945 1685 1137 1747 misericor-

192 1786 297 1862 diam,
343 1804 545 1868 suspensam
591 1777 870 1868 parvipcndendo
911 1785 1137 1847 iracundiam.

194 1886 312 1949 Fuerit
332 1886 515 1949 mundanae
540 1886 750 1949 temulentiae
765 1884 870 1966 quod,
891 1883 1047 1965 legitima
1070 1903 1139 1946 non

185 1992 355 2070 ⁸curantes
369 1987 601 2062 matrimonia,
616 1985 720 2049 alieni
738 1984 860 2047 cubilis
878 2003 946 2046 non
967 1983 1139 2064 pensastis

183 2076 367 2170 ¹njuriam.
420 2086 541 2149 Fuerit
562 2085 740 2148 aviditatis
763 2084 877 2147 nimiae
900 2082 991 2166 quod
1014 2083 1139 2146 fratres

185 2181 339 2262 vestros,
361 2186 422 2249 illo
444 2205 571 2267 magno
594 2192 629 2248 et
652 2185 771 2248 eodem
799 2184 910 2265 pretio
932 2189 1078 2265 emptos,
1101 2190 1141 2246 ut

192 2286 340 2368 quisque
362 2293 500 2368 poterat
516 2285 757 2367 illaqueantes,
774 2283 1020 2348 contumeliose
1035 2302 1140 2366 pecu-

190 2387 259 2448 niis
280 2386 498 2450 emunxistis
551 2384 656 2448 Nunc
680 2385 789 2461 vobis,
814 2384 905 2446 inter
927 2383 996 2447 ista
1017 2402 1140 2464 pecca·

190 2492 304 2550 torum
327 2486 510 2566 naufragia
532 2485 742 2560 constitutis,
763 2490 884 2566 portus
900 2483 1046 2565 placidae
1064 2483 1140 2566 qui·

190 2586 256 2648 etis
286 2586 452 2668 aperitur,
477 2585 543 2647 nisi
571 2584 761 2666 negligitis.
815 2582 921 2646 Parvi
952 2583 1080 2647 laboris
1104 2584 1139 2645 in

190 2684 324 2750 Turcos
341 2685 544 2767 compendio
560 2685 768 2748 retribuetur
785 2684 879 2746 vobis
893 2690 1070 2765 perpetuae
1085 2702 1140 2746 sa-

191 2783 274 2848 lutis
299 2785 418 2849 statio.
471 2784 681 2866 Comparate
708 2803 801 2847 nunc
832 2783 967 2846 labores
994 2802 1082 2865 quos
1104 2784 1140 2845 in

192 2884 361 2948 scelerum
372 2885 538 2948 exercitio
553 2883 734 2960 habuistis,
747 2891 782 2947 et
796 2902 954 2964 eosquos
969 2883 1005 2945 in
1020 2883 1142 2946 itinere
1202 2917 1204 2923 ·

193 2985 284 3067 quod
310 2984 475 3067 praecipio
497 2984 650 3048 babituri
674 2985 769 3046 estis
823 2982 947 3046 Plures
963 2983 1018 3046 vel
1043 2982 1141 3045 adnl-

194 3084 273 3146 terii
299 3085 354 3149 vel
377 3084 552 3148 homicidii
577 3083 756 3147 meditatio
787 3083 848 3146 dat
871 3083 1011 3146 timores
1040 3080 1142 3166 (nihil

195 3184 284 3246 enim
302 3185 457 3248 timidius
472 3185 639 3266 nequitia,
662 3191 701 3247 ut
717 3184 767 3246 ait
783 3176 997 3266 ²Salom0n),
1015 3183 1143 3247 multos

194 3283 350 3364 labores3
379 3284 461 3367 quid
494 3285 585 3346 enirn
613 3283 820 3347 laboriosius
854 3282 1050 3364 injustitial
1084 3274 1143 3364 qui

195 3390 310 3446 autem
332 3384 488 3447 ambulat
509 3383 723 3466 simpliciter,
746 3381 901 3445 ambulat
924 3382 1143 3445 confidenter.

196 3482 334 3546 Horum
362 3483 532 3560 laborum,
562 3483 684 3548 horum
714 3481 889 3558 timorum,
921 3481 1036 3544 exitus
1069 3486 1145 3542 erat

195 3592 375 3665 peccatum
389 3604 398 3663 3
422 3584 631 3665 stipendium
648 3590 762 3646 autem
780 3581 914 3664 peccati
932 3599 1037 3656 morS,
1052 3597 1145 3642 mors

196 3703 279 3750 vero
292 3691 513 3766 peccatorum
527 3683 701 3766 pessima..
741 3680 845 3745 Nunc
862 3699 883 3743 a
900 3680 999 3743 vobis
1015 3673 1080 3762 par
1092 3679 1145 3743 la·

196 3784 261 3846 bor
280 3790 385 3866 atque
410 3791 523 3847 metus
547 3783 658 3866 pretio
683 3781 823 3845 meliore
838 3787 1016 3863 petuntur.
1069 3778 1145 3843 Ho-

197 3903 274 3948 rum
299 3883 458 3947 laborum
483 3884 549 3947 erit
575 3901 682 3946 causa
710 3881 873 3957 charitas
899 3887 951 3957 ut,
971 3886 1146 3962 praecepto

232 4130 241 4162 ¹
259 4132 384 4196 Fratres]
409 4133 443 4184 A.
463 4133 492 4187 S.
510 4135 539 4183 C.
560 4134 594 4183 D.
614 4134 662 4193 L.;
722 4128 878 4193 toramen]
897 4131 925 4179 S.
935 4131 969 4179 D.
983 4131 1030 4190 E.;
1047 4145 1092 4192 per
1104 4131 1149 4180 Sa

198 4203 302 4252 omitted
313 4205 340 4252 in
352 4205 384 4254 Ε.
687 4203 808 4250 lomonem
820 4201 954 4262 sapientia,
965 4201 996 4250 L.
1014 4250 1018 4257 ,
