2866 4868
347 400 413 466 656
562 415 677 465 susm
700 415 828 465 arcun
851 414 1066 466 Αιιιιιοιιιιιι.
1159 402 1249 485 [nra.
1267 414 1300 461 v.

181 596 300 638 contestor
348 573 486 656 magnis
503 574 810 638 exercitationibus
826 581 1017 658 pectorum,
1035 573 1172 656 magnis
1188 593 1299 656 ango·

184 651 318 742 lmlilll'o
348 674 444 738 ribus
470 693 666 758 corporum,
691 681 980 751 consummatum,
1010 673 1127 738 David
1154 673 1298 739 Scottus

184 753 301 803 “lm
349 774 604 838 Banoornensis
620 775 802 857 episcopus
820 774 1004 857 exposuit3
1020 773 1134 856 magis
1149 774 1188 837 in
1204 775 1297 857 regis

347 874 497 955 gratiam
523 893 628 957 quam
653 873 853 938 historicum
876 874 1014 938 deceret
1035 868 1216 938 ¹acclinis:
1241 874 1300 938 de-

347 973 453 1055 nique
470 980 505 1037 ct
519 972 711 1037 inauditam
728 974 940 1052 violentiam,
955 973 1047 1056 quod
1068 972 1299 1057 apostolicum

348 1073 452 1156 cepit,
470 1073 629 1155 quamvis
654 1073 761 1138 libere
780 1073 994 1152 custodierit,
1009 1073 1105 1137 laudi
1128 1073 1237 1152 ducit,
1253 1075 1298 1138 ab

348 1171 510 1255 exemplo
533 1172 626 1255 quod
639 1172 764 1252 Jacob,
785 1174 948 1256 angelum
965 1173 1137 1239 violenter
1161 1181 1298 1253 tenens,

348 1271 622 1337 benedictionem
653 1274 698 1338 ab
722 1293 764 1338 ao
794 1273 992 1339 extorserit.
1049 1272 1186 1338 Praeter
1208 1273 1297 1352 baec,

348 1371 486 1436 laborat
510 1392 663 1438 asserere
692 1373 822 1438 dictum
849 1373 1011 1456 apostoli,
1029 1377 1039 1408 ‘
1051 1367 1185 1439 ²Nem0
1206 1374 1298 1438 mili·

349 1480 428 1536 tans
451 1472 541 1551 Deo,
557 1473 712 1556 implicat
734 1490 772 1537 se
794 1473 944 1556 negotiis
968 1469 1205 1551 secularibus:
1228 1494 1299 1539 non

349 1572 526 1636 adversari
549 1571 799 1655 cupiditatibus
818 1572 1020 1657 pontificum
1036 1592 1100 1656 pcr
1114 1573 1222 1638 laicos
1245 1574 1298 1638 in·

349 1672 565 1748 vestitorum,
591 1673 674 1756 quia
699 1693 769 1738 non
796 1673 842 1739 sit
871 1673 1027 1738 seculare
1059 1674 1237 1756 negotium
1267 1675 1299 1738 si

349 1770 493 1836 clericus
519 1771 609 1836 laico
635 1773 754 1838 fecerit
779 1773 991 1838 hominium:
1023 1791 1102 1855 quae
1127 1780 1297 1856 quantum

349 1873 420 1935 sint
433 1871 571 1950 frivola,
586 1872 771 1957 cujuslibet
786 1872 991 1958 dijudicabit
1001 1872 1194 1955 prudentia.
1219 1874 1298 1956 Ego

349 1972 500 2051 interim,
522 1993 566 2035 ne
586 1974 714 2036 bonum
730 1973 843 2037 virum
859 1974 966 2037 verbo
986 1971 1108 2037 videar
1130 1993 1298 2056 premere,

349 2078 467 2136 statuo
483 2071 745 2154 indulgendum,
759 2073 842 2154 quia
862 2092 933 2136 non
954 2071 1134 2136 historiam
1151 2073 1212 2137 sed
1235 2093 1300 2157 pa·

348 2173 551 2255 negyricum
575 2173 726 2255 scripsit.
779 2172 884 2235 Nunc
910 2191 993 2236 vero
1018 2172 1240 2255 privilegium
1263 2181 1299 2238 ot

348 2273 624 2350 conventionem,
637 2273 792 2337 violenta
809 2272 913 2336 trium
930 2271 1200 2354 septimanarum
1214 2292 1298 2358 cap·

350 2372 446 2435 tione
459 2391 481 2434 a
497 2391 590 2455 papa
606 2379 757 2450 extorta,
772 2373 943 2436 veraciter
964 2372 1136 2452 inseram;
1159 2379 1196 2437 et
1212 2393 1299 2457 qua

349 2471 430 2534 liter
445 2491 515 2535 non
528 2471 638 2536 multo
653 2480 734 2555 post
748 2472 954 2554 religiosiori
969 2471 1114 2535 consilio
1131 2480 1299 2538 enervata

350 2577 445 2649 sunt,
462 2572 655 2656 subjiciam.

188 2689 310 2739 naon
351 2710 353 2714 ψ
401 2670 533 2754 §421‘
545 2672 715 2736 Dominus
733 2690 825 2754 papa
842 2670 1023 2736 Pascbalis
1041 2691 1111 2737 non
1126 2664 1300 2756 inquieta-

188 2745 256 2781 tveen
266 2740 322 2789 Ppoe

188 2751 328 2831 nonnulla
349 2770 400 2834 bit
417 2770 593 2835 dominum
615 2790 745 2854 regem,
761 2792 824 2836 nec
847 2772 922 2856 ejus
944 2771 1126 2855 imperium
1140 2772 1198 2837 val
1220 2793 1299 2856 reg-

188 2843 336 2983 {Alazlssffnlm
349 2891 444 2949 num,
460 2871 502 2935 de
515 2872 722 2936 investitura
739 2873 1001 2986 episcopatuum
1018 2879 1054 2936 et
1065 2872 1298 2949 abbatiarum,

349 2991 461 3054 neque
475 2972 541 3036 de
532 2972 660 3056 injuria
681 2971 748 3035 sibi
769 2972 869 3036 illata
885 2978 921 3035 et
934 2973 1019 3050 suia
1036 2972 1072 3034 in
1089 2991 1240 3054 persona
1262 2978 1298 3036 ot

347 3072 449 3135 bonis
460 3076 474 3152 ;'
493 3092 605 3154 nequo
621 3071 761 3154 aliquod
786 3071 916 3135 malum
936 3071 1056 3136 reddet
1072 3072 1138 3135 sibi
1153 3071 1211 3137 val
1233 3072 1297 3136 ali·

347 3173 404 3234 cui
426 3191 584 3254 personae
609 3192 672 3255 pro
696 3170 761 3236 hac
782 3190 907 3234 causa:
943 3179 979 3236 et
998 3172 1136 3254 penitus
1156 3171 1194 3235 in
1217 3192 1297 3254 per·

347 3290 469 3334 sonam
486 3271 578 3354 regis
597 3271 743 3335 Henrici
764 3291 942 3355 nunquam
967 3269 1152 3335 anathema
1168 3278 1296 3354 ponot;

348 3390 412 3434 nec
429 3371 620 3435 remanebit
636 3368 672 3434 iri
686 3371 826 3435 domino
840 3390 934 3454 papa
950 3370 1034 3455 quin
1051 3379 1195 3436 coronet
1205 3391 1298 3452 oum,

347 3471 439 3535 sicut
465 3472 502 3535 in
525 3471 645 3535 ordine
668 3470 884 3550 continetur3
908 3479 944 3535 et
962 3490 1107 3552 regnum
1128 3477 1164 3534 et
1185 3472 1296 3556 impe·

348 3571 448 3648 rium,
480 3570 582 3635 officii
609 3572 664 3635 sui
695 3570 945 3648 auxiliacum
973 3577 1091 3634 tenere
1115 3569 1299 3654 adjuvabit

348 3690 527 3754 proposse
545 3691 618 3735 suo.
664 3671 711 3735 Et
727 3670 802 3734 haec
818 3669 1019 3753 adimplebit
1030 3669 1189 3735 dominus
1203 3690 1298 3755 papa

347 3771 423 3834 sine
440 3771 561 3835 fraude
576 3779 611 3835 et
624 3771 718 3835 malo
732 3771 897 3852 ingenio.'
949 3769 1039 3834 Haec
1056 3777 1138 3835 sunt
1154 3772 1307 3836 nomina·

383 4133 389 4162 ¹
402 4133 536 4205 Acerina]
557 4138 587 4188 Δ.
601 4141 630 4190 G.
642 4139 677 4190 D.
693 4140 726 4190 E.
738 4139 808 4198 Ι,2.;
871 4133 966 4186 ²Nemo
980 4173 985 4189 .
998 4173 1003 4188 .
1014 4172 1020 4189 .
1032 4130 1201 4206 ocularibus]
1210 4139 1299 4190 ssim.

346 4207 467 4271 acclivus,
478 4207 506 4258 S.
833 4220 863 4256 11.
876 4211 900 4257 4.
