2866 4868
344 391 410 456 too
633 405 807 456 maronia
829 405 1005 455 novenni.
1149 390 1239 473 [mu.
1257 405 1296 453 11.

345 565 417 630 rius
445 566 627 647 episcopus
656 570 779 628 contra
806 562 860 626 fas
884 570 1056 641 tenuerat,
1079 583 1161 646 rege
1189 562 1296 641 adito,

347 667 491 748 antiqua
507 665 690 748 privilegia
710 671 746 728 et
770 665 913 728 abbates
934 663 1060 728 babere
1085 670 1297 729 meruerunt.

349 767 491 831 Electus
518 773 572 829 est
597 767 635 828 in
663 766 824 829 abbatem
849 764 1094 829 Malmesbiriae
1123 785 1146 830 a
1176 784 1295 829 mona·

347 867 433 943 chis,
459 867 647 930 secundum
673 873 824 930 tenorem
849 864 1023 949 privilegii
1043 865 1146 948 .quod
1170 867 1295 930 beatus

346 966 527 1032 Aldelmus
544 987 565 1031 a
582 967 703 1048 Sergio
721 985 815 1051 papa
825 965 900 1050 jam
925 973 1007 1030 ante
1022 965 1296 1049 quadringentos

346 1069 533 1151 sexaginta
547 1074 582 1131 et
597 1086 660 1130 sex
674 1086 783 1132 annos
798 1068 1056 1149 impetraverat,
1066 1073 1102 1131 et
1118 1087 1141 1130 a
1155 1067 1296 1146 regibus

346 1168 645 1233 West-Saxonum
664 1167 741 1245 Ina,
757 1167 965 1232 Merciorum
977 1166 1177 1245 Ethelredo,
1193 1168 1294 1232 robo-

347 1271 417 1332 rari
441 1271 581 1346 fecerat,
608 1269 761 1352 ejusdem
786 1268 853 1332 loci
881 1267 1070 1333 monachus
1100 1267 1295 1346 Jobannes,

346 1371 401 1434 vir
422 1370 636 1451 benignitate
655 1389 789 1434 morum
812 1375 849 1432 et
870 1369 976 1433 animi
998 1368 1207 1434 liberalitate
1232 1388 1293 1453 ap·

346 1471 455 1553 prime
481 1471 640 1552 insignis.
692 1469 861 1534 Probavit
888 1469 1025 1551 legatus
1053 1488 1208 1548 causam,
1230 1471 1294 1534 im·

346 1571 508 1652 probavit
524 1589 708 1653 personam
721 1590 730 1651 ;
753 1569 850 1634 nullo
864 1571 954 1634 enim
971 1569 1073 1634 modo
1088 1572 1197 1634 menti
1218 1569 1294 1654 ejus

345 1671 546 1753 persuaderi
569 1677 708 1753 poterat
733 1690 849 1752 regem
878 1678 1005 1752 praetor
1028 1670 1204 1734 dationem
1234 1691 1294 1753 pe·-

345 1773 457 1835 cuniae
497 1771 657 1835 electioni
688 1771 912 1835 consensisse.
980 1771 1027 1836 Et
1056 1770 1194 1853 quidem
1231 1771 1295 1835 ali-

345 1879 514 1955 quantum
539 1891 755 1936 nummorum
770 1871 977 1954 promissum
992 1870 1117 1949 fuerat,
1132 1890 1240 1936 causa
1254 1871 1295 1936 li·

345 1973 491 2037 bertatis
517 1972 683 2050 ecclesiae,
706 1992 776 2036 non
798 1971 976 2037 electionis
997 1991 1165 2054 personae.
1218 1971 1293 2036 Ita·

346 2092 413 2154 que
437 2073 461 2136 J
464 2073 629 2150 ohannes,
659 2073 818 2155 quamvis
850 2073 1034 2137 immatura
1062 2079 1173 2136 morte
1202 2090 1294 2137 anno

345 2173 465 2237 eodem
487 2180 679 2257 praereptus
701 2173 816 2250 fuerit,
841 2180 1006 2237 aeternam
1028 2179 1145 2237 tamen
1167 2180 1203 2237 et
1218 2172 1294 2237 lau·

345 2273 493 2337 dabilem
511 2276 565 2340 sui
582 2274 780 2337 memoriam
796 2274 930 2337 eunctis
943 2280 1023 2356 post
1039 2293 1077 2336 se
1094 2275 1222 2337 seculis
1235 2273 1293 2337 de·

347 2375 506 2457 reliquit:
530 2375 646 2438 nullus
669 2374 759 2437 enim
772 2372 872 2460 (vere
887 2370 1016 2458 fateor)
1033 2373 1108 2457 ejus
1129 2373 1199 2438 loci
1220 2393 1293 2438 mo·-

346 2475 478 2539 nacbus
510 2482 618 2539 tantae
647 2474 944 2555 magnanimitatis
983 2472 1075 2538 facto
1103 2475 1294 2552 assisteret,

345 2575 412 2638 nisi
434 2575 458 2638 J
461 2575 614 2640 ohannes
632 2574 841 2639 inchoasset.
893 2574 1019 2657 Itaque
1041 2573 1191 2639 babeant
1216 2593 1295 2638 suc*

345 2694 500 2740 cessores
518 2677 593 2761 ejus
608 2674 744 2738 laudem
762 2676 793 2738 si
809 2675 1004 2738 libertatem
1020 2674 1174 2738 ecclesiae
1189 2676 1296 2739 tutati

344 2775 485 2855 fuerint,
503 2777 578 2860 ipse
599 2774 826 2858 proculdubio
849 2793 925 2838 eam
950 2794 971 2838 a
992 2775 1160 2840 servitute
1175 2773 1296 2840 vendi·

343 2876 448 2941 cavit.

438 3068 486 3116 DE
509 3065 738 3115 GONFUSIONE
761 3064 920 3113 GUERRAE
944 3065 1012 3112 PER
1034 3064 1210 3113 ANGLIAM.

182 3188 303 3278 praetensae
395 3176 412 3259 ᾗ
438 3175 496 3239 34.
518 3175 631 3240 Totus
657 3193 770 3238 annus
792 3175 851 3238 ille
874 3174 1062 3256 asperitate
1085 3174 1295 3255 guerrae-in-

182 3243 312 3381 :32:1ngth
343 3273 490 3341 borruit.
537 3274 692 3339 Castella
722 3280 821 3339 erant
852 3263 973 3338 crebra
1001 3272 1063 3356 per
1084 3280 1195 3337 totam
1219 3272 1295 3338 An·

181 3351 214 3382 mv
239 3353 288 3382 m
343 3376 470 3457 gliam3
494 3395 642 3459 quaeque
661 3395 742 3439 suas
765 3383 881 3458 partes
908 3373 1138 3450 defendentia,
1154 3374 1225 3438 imo
1237 3372 1295 3461 (ut

342 3476 458 3541 verius
473 3473 603 3561 dicam)
616 3476 875 3558 depopulantia.
927 3474 1059 3557 Milites
1073 3474 1295 3538 castellorum

343 3577 561 3641 abducebant
585 3577 628 3639 ab
652 3576 746 3657 agris
777 3583 812 3640 et
833 3594 960 3658 pecora
985 3583 1020 3640 et
1045 3574 1207 3658 pecudes,
1231 3592 1295 3639 noc

343 3677 496 3740 ecclesiis
511 3697 573 3740 nec
595 3676 793 3739 coemiteriis
813 3682 1005 3758 parcentes
1047 3669 1294 3752 ¹Vavassores,

343 3778 503 3854 rusticos
518 3777 716 3860 quicunque
738 3775 916 3857 pecuniosi
938 3775 1164 3858 putabantur,
1186 3774 1294 3839 inter-

342 3879 521 3961 cipienteS,
544 3877 792 3960 suppliciorum
814 3875 1052 3957 magnitudine
1075 3875 1120 3939 ad
1145 3873 1294 3957 quodvis

341 3979 613 4060 promittendum
647 3978 828 4061 cogebant.
890 3977 1060 4041 Domibus
1089 3976 1294 4040 miserorum

324 4216 329 4237 ¹
375 4217 381 4249 ¹
401 4223 547 4272 Vooorsorer
560 4216 746 4290 ...cogebuat.]
760 4223 807 4283 E.;
825 4220 929 4270 omitted
941 4220 967 4268 iu
980 4219 1008 4270 S.
1023 4221 1052 4269 C.
1065 4220 1099 4269 D.
1114 4219 1147 4269 G.
1161 4219 1196 4268 K.
1209 4218 1265 4270 Η.
