2866 4868
185 423 255 472 ma.
272 407 343 490 uu]
472 424 646 473 maronis
668 426 846 475 Novanus.
1067 409 1135 476 765

185 600 302 646 secum
314 583 502 662 obsidibus,
518 604 596 648 cum
612 584 785 668 expeditis
801 584 968 649 militibus
985 604 1046 668 per
1056 592 1134 651 tuta

186 682 338 765 hospitia
363 684 407 747 ad
433 683 578 748 Waram
604 684 779 768 profectus
806 692 871 762 est,
894 706 997 768 quem
1018 687 1133 751 vicum

187 802 266 846 cum
281 785 424 848 castello
434 784 639 868 jamdudum
655 787 874 851 commiserat
888 786 958 850 filio
982 806 1045 850 suo
1061 788 1133 869 pri·

186 885 362 964 mogenito
378 884 565 950 Willelmo.
618 885 673 949 Ibi
696 886 875 969 aliquanto
903 893 984 969 post
1007 887 1134 950 festum

188 985 300 1048 sancti
314 984 338 1048 J
341 983 487 1049 ohannis
505 987 577 1051 alto
593 1005 630 1049 se
645 1005 707 1067 per
721 987 790 1051 Dei
807 986 955 1068 gratiam
976 988 1133 1051 commit-

189 1089 277 1157 tens,
292 1104 400 1149 naves
415 1104 502 1169 quas
521 1092 602 1149 tunc
624 1086 774 1150 habebat
787 1086 903 1151 solvit.
955 1085 1044 1166 Quae
1063 1087 1134 1152 fere

188 1184 223 1247 in
237 1183 387 1248 medium
404 1206 498 1250 mare
512 1186 649 1264 delatae,
666 1205 784 1250 omnes
806 1196 933 1270 praeter
946 1188 1033 1252 duas
1049 1194 1135 1251 tem-

188 1291 324 1367 pestate
346 1293 466 1351 coorta
490 1286 527 1350 in
550 1286 688 1350 diversa
706 1286 872 1371 jactatae3
907 1288 1133 1372 quaedamque

187 1391 281 1449 retro
297 1404 420 1465 versae,
438 1387 597 1470 quaedam
619 1388 713 1452 ultra
728 1387 937 1452 destinatum
960 1390 1134 1472 propulsae

188 1491 288 1551 sunt:
321 1486 398 1550 duae
421 1487 650 1566 solummodo,
681 1487 718 1550 in
741 1507 886 1571 quarum
915 1507 986 1553 una
1018 1508 1134 1554 comes

188 1605 266 1650 cum
290 1586 465 1651 fidissimis
490 1594 577 1666 erat,
590 1597 722 1652 rectum
744 1607 883 1652 cursum
903 1595 1073 1667 tenentes,
1097 1590 1135 1653 in

187 1685 345 1750 idoneam
369 1687 553 1752 stationem
575 1688 793 1771 appulerunt.
846 1688 1000 1752 Veniens
1016 1688 1135 1773 itaque

190 1783 391 1866 Gadomum,
416 1788 574 1853 comitem
597 1785 885 1871 Andagavensem
908 1809 969 1872 per
990 1791 1135 1854 nuncios

188 1887 381 1952 accersivit.
433 1888 541 1954 Venit
560 1889 620 1953 ille
642 1908 712 1953 non
737 1896 972 1972 aspernanter,
989 1889 1050 1954 sed
1072 1909 1135 1954 au-

189 1987 271 2051 ditae
285 1987 451 2070 legationi
465 2008 529 2053 sua
543 1984 800 2073 impedimenta,
822 1997 857 2053 et
879 2008 921 2053 ea
939 1989 1061 2068 multa,
1075 1991 1135 2054 ob·

184 2086 289 2171 jecit:
313 2088 404 2152 inter
416 2109 507 2173 quae,
524 2090 617 2172 quod
640 2089 825 2154 rebellione
848 2091 1034 2153 multorum
1058 2110 1135 2155 cas·

189 2187 349 2252 tellorum
366 2189 403 2252 in
420 2189 637 2254 Normannia
651 2189 862 2254 detineretur
875 2210 944 2273 quo
963 2191 1077 2254 minus
1099 2191 1135 2254 in

189 2284 353 2370 Angliam
370 2290 511 2354 veniret.
564 2291 618 2354 Ea
630 2310 686 2354 res
699 2308 814 2354 moras
829 2290 994 2355 redeundi
1016 2291 1135 2355 comiti

191 2386 448 2454 Gloecestrensi
471 2389 564 2454 ultra
586 2390 754 2474 placitum
779 2391 959 2456 innexuit:
991 2410 1072 2455 nam
1095 2397 1135 2456 ut

191 2487 475 2572 Andagavensem
498 2491 592 2555 omni
614 2492 794 2557 occasione
818 2491 975 2570 nudaret,
993 2511 1070 2556 cum
1092 2511 1134 2557 eo

189 2589 306 2654 decem
323 2590 468 2655 castella
491 2592 707 2674 expugnavit
729 2592 765 2656 in
784 2592 1012 2670 Normannia‚
1031 2586 1135 2676 ¹quo·

190 2710 265 2753 rum
287 2689 362 2754 baec
385 2698 466 2755 sunt
481 2692 663 2770 vocabula,
685 2691 949 2770 Tenercbebrai,
973 2691 1136 2757 Seithila·

189 2797 253 2868 ret,
288 2791 500 2870 Bricbesart,
525 2785 661 2870 ²Alani,
697 2792 928 2874 Bastonborg‚
961 2792 1135 2872 TrivereS,

191 2889 310 2955 Castel
332 2890 375 2954 de
389 2891 489 2970 Vira,
505 2890 665 2970 Plaiseiz,
679 2891 808 2970 Vilers,
829 2893 1016 2957 Moretoin.
1067 2892 1135 2956 Sed

191 2990 436 3074 propemodum
463 2992 548 3055 nihil
573 2998 741 3075 quantum
756 2981 810 3055 ¹ad
834 2992 1044 3072 legationem
1068 2991 1134 3057 bac

191 3091 363 3175 promovit
388 3091 579 3173 industria;
612 3090 875 3174 Andegavensis
903 3090 993 3154 enim
1020 3111 1135 3157 comes

191 3199 226 3255 et
251 3192 338 3256 alias
362 3193 572 3269 occasiones,
594 3193 765 3276 prioribus
787 3190 921 3269 solutis,
944 3192 1136 3270 substituit,

192 3293 317 3374 quibus
349 3292 386 3355 in
408 3290 573 3374 Angliam
601 3293 787 3358 adventum
815 3298 999 3356 excusaret
1020 3311 1134 3357 suum.

192 3393 316 3475 Magni
330 3411 414 3456 sane
430 3393 506 3458 loco
522 3392 679 3458 beneficii
695 3393 802 3456 filium
819 3412 919 3457 suum
931 3412 975 3455 ex
988 3393 1137 3475 impera·

191 3494 275 3558 trice
298 3494 562 3577 primogenitum
589 3493 763 3558 avunculo
797 3494 968 3556 concessit
999 3493 1035 3556 in
1059 3490 1135 3557 An-

190 3594 297 3676 gliam
322 3593 570 3672 deducendum,
593 3593 692 3678 cujus
713 3594 842 3659 intuitu
865 3611 1023 3677 proceres
1046 3592 1136 3677 justi

189 3693 335 3758 haeredis
359 3701 476 3777 partes
500 3713 722 3778 propugnare
743 3694 988 3758 animarentur.
1039 3692 1138 3757 Hen-

190 3793 282 3858 ricus
299 3800 445 3859 vocatur
460 3814 558 3877 puer,
580 3813 704 3858 nomen
727 3793 785 3858 avi
807 3792 979 3858 referens:
1002 3793 1136 3858 utinam

190 3894 391 3959 felicitatem
409 3902 444 3959 et
460 3895 652 3978 potentiam
669 3892 876 3978 quandoque
893 3892 1076 3958 relaturus

192 4168 421 4288 a:
434 4160 586 4286 aaa
712 4196 831 4264 a]
