2866 4868
181 614 268 654 corneli
276 619 299 654 at

180 664 319 706 Wlneheeter.

341 422 407 486 722
629 439 802 487 nrsnonm
826 438 999 488 novenni.
1151 423 1240 504 [nm.
1256 438 1295 485 11.

341 595 461 675 nisset,
477 597 535 661 ille
560 596 699 660 adeam
718 615 796 665 cum
819 596 1002 678 nepotibus
1025 602 1060 659 et
1080 593 1234 659 castellis
1256 614 1295 660 se

342 696 523 762 consonet.
586 695 761 778 Rogerius
790 698 909 778 itaque
932 703 1057 778 captus
1086 694 1232 759 sitnon
1253 702 1294 760 ut

342 796 536 880 episcopus
553 795 613 859 sed
639 803 679 860 ut
699 796 792 877 regis
809 797 975 872 serviens,
993 795 1054 878 qui
1075 802 1112 860 et
1126 814 1294 877 procura-

342 898 454 962 tiones
481 896 557 981 ejus
583 895 840 960 administraret
863 902 899 959 et
919 895 1087 959 solidatas
1106 895 1293 978 acciperet.

343 994 499 1061 Castella
519 1016 590 1060 non
619 1016 681 1080 per
706 994 907 1060 violentiam
935 1014 999 1059 rex
1025 995 1203 1078 eripuerit,
1231 995 1292 1059 sed

342 1096 496 1179 episcopi
519 1097 620 1160 ambo
643 1102 823 1178 gratanter
843 1093 1065 1172 reddiderint,
1095 1101 1137 1159 ut
1161 1094 1293 1160 calum·

343 1196 436 1259 niam
461 1195 504 1258 de
535 1194 687 1261 tumultu
710 1215 812 1279 quem
844 1195 881 1260 in
909 1195 1006 1259 curia
1031 1195 1292 1260 concitaverant

342 1295 541 1359 evaderent.
586 1289 827 1380 ¹Aliquantum
841 1294 1064 1380 pecuniarum
1079 1313 1144 1358 rex
1161 1294 1200 1358 in
1216 1313 1293 1359 cao·

342 1395 433 1459 tellis
451 1395 633 1472 invenerit,
648 1414 727 1477 quae
746 1396 856 1479 ipsius
873 1395 1025 1478 legitime
1048 1400 1185 1476 essent3
1208 1395 1292 1477 qnia

341 1513 401 1557 eas
426 1502 581 1578 tempore
596 1495 690 1576 regis
713 1493 870 1570 Henrioi‚
890 1494 1053 1559 avunculi
1076 1501 1111 1558 et
1134 1501 1292 1559 anteces-

341 1593 430 1658 soris
455 1594 520 1672 sui,
543 1614 588 1657 ex
607 1594 681 1658 fisci
698 1593 786 1676 regii
809 1593 999 1658 redditibus
1020 1593 1196 1676 Rogerius
1218 1595 1290 1676 epi·

340 1713 467 1777 scopus
481 1694 690 1776 collegisset.
742 1694 804 1758 Eis
821 1700 951 1772 tamen,
971 1693 1063 1758 sieut
1074 1700 1109 1758 et
1126 1692 1290 1771 castellis,

341 1794 431 1858 idem
457 1794 585 1876 praesul
607 1814 670 1876 pro
687 1795 809 1859 timore
833 1794 1092 1858 commissorum
1114 1793 1151 1857 in
1172 1812 1290 1875 regem

341 1893 452 1957 libens
469 1894 631 1957 cesserit:
659 1893 738 1958 inde
753 1914 824 1958 non
837 1893 957 1958 deesse
969 1900 1076 1958 testes
1089 1891 1175 1974 regi.
1227 1893 1289 1977 lp·

340 2012 417 2056 sum
430 1993 574 2076 proinde
587 1993 678 2058 velle
700 2000 741 2058 ut
761 2002 866 2077 pacta
886 1993 977 2058 iuter
998 2012 1035 2058 se
1060 2000 1096 2058 et
1108 1992 1289 2076 episcopos

341 2099 419 2156 rata
432 2093 697 2174 permanerent'

393 2191 489 2275 §25.
514 2192 756 2258 Reclamatum
787 2199 842 2257 est
871 2194 915 2257 ab
942 2192 1104 2276 episcopo
1135 2193 1290 2276 Rogerio

340 2298 463 2356 contra
485 2311 660 2357 sermones
687 2292 852 2370 Alberici‚
876 2292 969 2377 qnod
992 2311 1170 2375 nunquam
1197 2294 1289 2376 regis

341 2391 508 2474 Stephani
521 2392 679 2456 minister
692 2392 826 2470 suisset,
844 2413 907 2457 nec
921 2392 1032 2475 ipsius
1047 2391 1215 2457 solidatas
1231 2413 1289 2457 ac—

340 2493 508 2574 cepisset:
545 2493 649 2556 minae
677 2493 865 2576 quinetiam
891 2493 935 2555 ab
963 2491 1119 2556 animoso
1141 2493 1230 2571 viro,
1254 2501 1289 2558 et

340 2591 400 2673 qui
417 2591 517 2655 malis
532 2593 749 2657 erubesceret
760 2591 886 2673 frangi,
897 2590 1056 2674 prolatae,
1071 2591 1102 2655 si
1112 2591 1286 2676 justitiam

341 2691 384 2753 de
410 2692 513 2754 rebus
538 2692 604 2755 sibi
631 2693 757 2757 ablatis
776 2692 813 2755 in
838 2691 899 2756 illo
923 2691 1068 2755 concilio
1093 2711 1165 2756 non
1190 2692 1288 2758 inve·

341 2790 460 2868 nisset,
478 2810 554 2854 eam
578 2791 615 2854 in
637 2791 813 2856 audientia
834 2790 977 2875 majoris
1002 2791 1107 2856 curiae
1129 2811 1288 2873 quaeren-

340 2888 431 2953 dam.
484 2890 625 2955 Leniter
645 2891 795 2974 legatus,
809 2899 850 2956 ut
864 2897 1009 2956 caetera:
1033 2890 1184 2956 ‘Omnia
1206 2902 1287 2976 qu'ae

340 2988 502 3053 dicuntur
515 2998 637 3054 contra
658 2991 839 3075 episcopos
855 2992 951 3075 prins
965 2990 1002 3055 in
1019 2991 1165 3055 concilio
1179 2993 1289 3057 eccle·

340 3089 481 3152 siastico
507 3096 542 3154 et
566 3090 722 3156 accusari
750 3098 850 3155 etan
872 3109 956 3155 vera
980 3098 1096 3155 essent
1116 3091 1291 3158 decuisset

340 3189 480 3271 inquiri,
494 3209 599 3271 quam
622 3191 659 3255 in
683 3191 859 3255 indemnes
887 3198 1009 3256 contra
1031 3209 1200 3255 canonum
1228 3192 1289 3257 de·

339 3295 435 3352 creta
458 3290 665 3354 sententiam
694 3290 852 3373 proferri.
915 3290 996 3355 Rex
1022 3289 1141 3373 itaque
1167 3292 1288 3371 faciat,

340 3388 433 3469 quod
460 3389 564 3452 etiam
589 3389 626 3453 in
647 3391 838 3455 forensibus
856 3389 997 3473 judiciis
1018 3389 1211 3472 legitimum
1234 3399 1289 3457 est

341 3486 427 3565 fieri,
442 3495 481 3551 ut
505 3491 669 3553 revestiat
689 3491 869 3574 episcopos
891 3490 934 3554 de
957 3492 1058 3555 rebus
1087 3490 1179 3554 suis:
1202 3491 1288 3556 alio-

338 3586 423 3668 quin
432 3586 512 3670 jure
527 3589 681 3668 gentium
696 3589 861 3654 dissaisiti
875 3610 945 3654 non
957 3589 1197 3672 placitabunt.'

390 3684 478 3768 §26.
501 3686 615 3751 Dictis
631 3689 668 3751 in
681 3687 772 3752 hune
789 3688 927 3753 modum
946 3688 1129 3772 utrobique
1153 3690 1285 3770 multis,

337 3802 445 3847 causa
465 3786 577 3869 petitu
592 3788 685 3870 regis
709 3789 745 3851 in
767 3796 944 3871 posterum
965 3788 1055 3857 diem
1070 3789 1199 3871 dilata;
1224 3811 1290 3856 nec

338 3884 450 3948 minus
471 3885 506 3948 in
528 3888 729 3965 crastinum,
752 3888 796 3951 ad
822 3888 1010 3952 adventum
1036 3888 1288 3975 archiepiscopi

338 3981 630 4067 Rothomagensis
646 3988 811 4070 postridie
836 3989 1053 4071 prolongata.
1101 3988 1138 4052 Is
1153 3991 1213 4054 ubi
1227 4011 1288 4054 ve-

492 4223 500 4254 ¹
512 4223 694 4296 Aliquantum]
713 4230 761 4290 Ε.;
773 4229 976 4292 Aliquantulum,
989 4228 1017 4279 S.
1030 4229 1065 4279 D.
1077 4230 1133 4280 La.
