2866 4868
341 387 408 454 648
558 403 671 453 casus
695 403 822 453 nncuu
846 403 1058 453 anctorum
1158 388 1234 470 [nm
1250 403 1297 451 v.·

182 580 333 632 rosensem
347 561 461 643 gratia
488 562 532 625 ad
551 561 618 625 hoc
640 560 865 626 omittendum
894 580 954 625 cor
968 560 1102 642 regium
1118 568 1189 626 tuae
1204 582 1296 644 prae-

180 634 309 674 ΝΜ
346 662 528 726 dicationis
556 662 723 725 imbribus
750 661 938 726 molliatur.
991 659 1169 725 Praeterea
1190 680 1299 744 super

346 763 516 845 episcopis
532 763 592 844 qui
614 761 741 825 falsum
756 759 814 847 (ut
829 757 939 846 nosti)
957 780 979 825 a
999 761 1100 826 nobis
1121 782 1296 826 rumorem

345 862 550 940 retulerunt,
564 881 624 927 cor
637 868 794 926 nostrum
808 868 1018 925 commotum
1040 869 1094 926 est
1110 861 1296 927 vehemen-

346 963 429 1040 tius,
447 963 529 1046 quia
543 982 612 1026 non
627 961 739 1025 solnm
756 980 820 1025 nos
833 961 1010 1038 laeserunt,
1025 962 1086 1025 sed
1106 962 1295 1026 multorum

237 1114 239 1118 .
347 1062 554 1144 simplicium
569 1061 702 1125 animas
716 1061 937 1144 deceperunt,
948 1067 985 1124 et
998 1081 1114 1143 regern
1126 1061 1296 1126 adversus

347 1162 553 1226 charitatem
569 1161 661 1227 sedis
677 1161 878 1243 apostolicae
897 1160 1128 1243 impulerunt3
1152 1161 1296 1227 undeet

346 1263 496 1326 inultum
533 1281 652 1325 eornm
679 1260 863 1343 flagitium,
891 1261 1042 1326 Domino
1074 1270 1297 1344 cooperante,

347 1381 417 1425 non
431 1361 600 1444 patimur:
628 1360 689 1424 sed
705 1361 789 1442 quia
805 1361 867 1424 filii
881 1361 991 1425 nostri
1010 1361 1103 1442 regis
1127 1362 1298 1427 instantia

347 1481 411 1544 pro
427 1460 471 1525 iis
492 1480 556 1525 nos
574 1459 692 1543 pulsat
709 1461 890 1538 attentius,
912 1461 1017 1524 etiam
1034 1461 1120 1544 ipsis
1141 1481 1296 1527 commu·

348 1561 462 1626 nionis
479 1568 549 1626 tuae
560 1559 780 1643 participium
795 1581 866 1624 non
881 1561 1036 1642 negabis.
1071 1560 1162 1625 Sane
1178 1582 1296 1645 regem

349 1669 384 1725 et
405 1662 601 1745 conjugem,
626 1667 662 1724 et
688 1679 847 1742 proceres
870 1661 949 1724 illos
972 1660 1032 1743 qui
1056 1681 1120 1744 pro
1145 1661 1212 1725 hoc
1234 1682 1296 1728 ne-

348 1761 444 1844 gotio
458 1781 536 1843 cum
552 1779 634 1842 rege
648 1779 693 1824 ex
709 1768 884 1843 praecepto
897 1768 1019 1825 nostro
1035 1761 1296 1842 laboraverunt,

348 1881 495 1944 quorum
516 1861 657 1925 nomina
680 1879 725 1925 ex
747 1859 938 1944 supradicti
954 1860 1122 1925 Willelmi
1146 1880 1295 1944 sugges·

349 1961 443 2025 tione
471 1980 672 2043 cognosces
695 1960 803 2044 juxta
831 1961 1050 2043 sponsionem
1083 1967 1238 2025 nostram
1274 1983 1297 2028 a

347 2061 500 2142 peccatis
520 2068 555 2124 et
569 2059 782 2143 poenitentiis
800 2060 971 2124 absolves.
1023 2059 1297 2143 Rotomagensis

346 2159 500 2244 episcopi
517 2178 654 2224 causam
679 2167 749 2223 tuae
772 2159 1011 2224 deliberationi
1033 2162 1294 2242 committimus,

347 2267 382 2325 et
400 2260 491 2343 quod
509 2259 541 2324 ei
555 2259 738 2323 indulseris
756 2253 1015 2342 ¹indulgemus.'

184 2375 315 2464 didm*
397 2359 506 2443 §412
530 2360 621 2424 Haec
640 2358 821 2423 Paschalis
843 2378 996 2423 summus
1021 2367 1125 2442 papa,
1149 2381 1214 2445 pro
1237 2366 1292 2428 ec·¹

182 2453 317 2540 megum
346 2457 528 2522 elesiarum
546 2460 615 2523 Dei
638 2458 811 2537 libertate,
838 2459 1008 2524 sollicitus
1030 2463 1168 2542 agebat.
1193 2497 1196 2501 ·
1223 2462 1295 2527 Fu-

183 2552 321 2642 ἷξξζζῑῆξξξξ
345 2566 447 2622 crunt
463 2566 579 2623 autem
600 2558 753 2641 episcopi
774 2578 862 2641 quos
884 2560 1055 2624 mendacii
1080 2562 1208 2643 arguit,
1227 2561 1293 2626 Gi-

182 2650 321 2694 ⁶⁰t⁰¹¹¹²¹¹¹⁰l
344 2658 467 2722 rardus
491 2658 769 2741 archiepiscopus
786 2659 1025 2735 Eboracensis,
1047 2667 1083 2724 et
1096 2659 1294 2727 Herbertns

345 2757 603 2837 Norwicensis3
627 2777 773 2841 quorum
791 2765 906 2823 errata
925 2759 1218 2842 reprehenderunt
1234 2783 1293 2828 ve·

344 2859 496 2923 raciores
533 2858 653 2940 legati,
689 2857 888 2923 Willelmns
926 2867 1049 2941 postea
1082 2860 1293 2927 Exoniensis

344 2958 538 3041 episcopus,
566 2965 601 3022 et
626 2957 848 3022 Baldewinus
879 2958 1063 3022 Beccensis
1088 2961 1291 3028 monachus.

344 3058 500 3141 Eratque
524 3065 607 3121 tunc
627 3055 813 3124 Anselmus
842 3056 1120 3142 archiepiscopus
1144 3053 1291 3126 ²iterum'

343 3164 498 3240 tempore
515 3158 616 3223 istius
639 3158 731 3239 regis
749 3157 911 3239 Lugduni
933 3159 1027 3236 exul,
1053 3160 1146 3242 apud
1162 3160 1291 3244 Hugo·

342 3276 420 3320 nem
445 3257 599 3341 ejusdem
633 3257 786 3325 civitatis
816 3257 1123 3341 archiepiscopum,
1149 3262 1291 3343 quando

342 3357 490 3439 epistola
510 3357 633 3439 prima,
649 3376 753 3439 quam
779 3357 938 3440 apposui,
956 3360 1082 3422 emissa
1108 3367 1181 3440 est3
1205 3363 1291 3444 quia

341 3475 404 3519 noc
429 3456 504 3538 ipse
531 3457 602 3520 ullo
624 3455 794 3521 desiderio
816 3457 977 3521 veniendi
1003 3459 1197 3539 tenebatur,
1225 3482 1291 3527 nec

340 3575 404 3619 rex
431 3556 684 3624 animositatem
715 3575 815 3621 suam
845 3577 908 3639 pro
934 3559 1036 3640 copia
1061 3578 1290 3626 susurronum

340 3653 454 3720 sedari
479 3655 687 3739 patiebatur.
740 3655 812 3720 Diu
834 3664 973 3738 ergoet
997 3678 1161 3723 revocare
1177 3661 1290 3741 illum,

340 3763 375 3819 et
391 3756 639 3821 monitionibus
654 3755 854 3838 apostolicis
869 3758 1114 3836 obsecundare,
1131 3759 1289 3844 distulit3
1349 3826 1354 3835 ,

376 4051 381 4080 ¹
395 4054 572 4118 indulgemus]
589 4056 637 4106 See
656 4056 707 4110 this
724 4056 799 4110 letter
823 4057 928 4105 Anselm
939 4057 991 4107 had
1002 4058 1065 4107 been
1078 4060 1187 4110 recalled
1200 4077 1232 4111 on
1244 4064 1287 4116 the

336 4124 493 4187 inEadmer,
503 4140 530 4187 p.
541 4130 583 4175 87.
823 4128 907 4188 king's
923 4129 1062 4190 accession,
1073 4129 1119 4180 bnt
1136 4131 1287 4186 afterwards

371 4190 485 4244 ”Iterum
578 4194 697 4258 Lugduni
718 4196 797 4261 exal]
822 4198 922 4259 quitted
932 4198 975 4248 the
986 4199 1107 4274 kingdom
1118 4202 1204 4265 again.
