2866 4868
332 394 398 460 654
548 407 661 458 unsri
685 407 813 458 aucun
836 407 1052 457 suenorum,
1147 362 1235 475 [urus
1250 409 1284 456 v.

333 569 418 633 rinae
435 567 603 651 applicari
612 567 732 652 jussit,
747 575 787 632 ut
798 586 952 632 sororem
967 566 1167 650 exciperet3
1189 585 1282 631 mor·

334 676 404 733 tem
429 669 584 732 misellus
605 688 669 752 pro
694 668 886 732 clementiae
907 666 1140 732 teneritudine
1161 666 1284 749 indep-

335 776 411 834 tus:
434 769 600 833 continuo
623 768 713 832 enim
728 767 947 833 multitudine
962 767 1191 832 insilientium
1204 785 1282 832 sca·

334 868 404 951 pha
428 869 522 934 victa
547 868 714 947 subsedit,
735 887 923 950 omnesque
944 867 1075 951 pariter
1098 866 1206 931 frmdo
1228 867 1283 930 in·

334 969 457 1034 volvit.
510 967 635 1033 Evasit
658 987 749 1032 uuus
771 975 807 1033 et
830 968 890 1032 ille
918 967 1079 1050 agrestis,
1107 967 1182 1049 qui,
1206 972 1283 1031 tuta

335 1077 436 1134 nocte
459 1067 551 1132 malo
578 1076 823 1151 supernatans,
841 1087 943 1132 mane
966 1068 1075 1132 totius
1097 1065 1283 1148 tragoediae

336 1175 452 1233 actum
468 1169 649 1250 expressit.
702 1167 980 1251 Nullaunquam
1001 1166 1069 1232 fuit
1088 1166 1189 1232 navis
1206 1163 1283 1231 Au-

335 1269 417 1350 gliae
440 1275 548 1333 tautae
572 1268 732 1346 miseriae,
746 1267 844 1332 nulla
866 1268 933 1332 toti
954 1268 1030 1332 orbi
1051 1273 1124 1332 tam
1150 1267 1283 1350 patulae

335 1369 448 1433 famae.
501 1367 611 1432 Periit
625 1367 764 1432 ibicum
780 1367 957 1434 Willelmo
973 1367 1061 1432 alter
1077 1367 1169 1431 filius
1188 1366 1283 1449 regis

336 1467 521 1546 Ricardus,
537 1487 640 1550 quem
664 1475 745 1532 ante
767 1487 911 1550 regnum
933 1486 979 1531 ex
995 1467 1200 1549 provinciali
1218 1467 1285 1532 foe-

335 1569 430 1632 mina
458 1575 669 1651 susceperat,
686 1566 827 1651 juvenis
858 1567 1098 1650 magnanimus
1127 1574 1164 1632 et
1190 1567 1284 1650 patri

335 1688 399 1751 pro
414 1668 580 1750 obsequio
596 1675 760 1751 acceptus
773 1688 783 1749 3
799 1667 973 1732 Ricardus
990 1685 1105 1732 comes
1123 1666 1283 1745 Castriaa,

336 1775 371 1831 et
385 1767 493 1832 frater
514 1767 590 1851 ejus
608 1767 769 1845 Otuelus‚
793 1768 964 1832 nutricius
985 1773 1022 1832 et
1036 1766 1203 1849 magister
1219 1766 1283 1831 filii

336 1868 450 1949 regis3
474 1867 548 1930 filia
572 1867 677 1949 regis,
704 1867 882 1932 comitissa
907 1866 1078 1947 Perticae3
1107 1874 1143 1932 et
1167 1866 1283 1950 neptis

337 1968 425 2051 ejus,
450 1986 550 2031 soror
577 1966 776 2045 Thetbaldi,
798 1968 977 2031 comitissa
1002 1965 1168 2031 cestriae:
1192 1986 1283 2050 prae-

336 2074 432 2132 tcrea
448 2067 605 2150 quisquis
623 2074 697 2137 erat
713 2066 749 2129 in
766 2068 864 2131 curia
877 2067 1086 2132 lectissimus
1108 2066 1208 2131 milas
1225 2067 1284 2132 vel

336 2168 548 2249 capellanus,
565 2174 601 2231 et
617 2167 821 2249 optimatum
838 2167 901 2230 filii
917 2166 961 2230 ad
979 2167 1137 2231 militiam
1159 2186 1285 2249 prove·

335 2266 460 2347 hendi3
485 2260 723 2331 ¹accurreraut
740 2267 831 2330 enim
852 2266 1005 2350 undique
1017 2265 1076 2353 (ut
1093 2262 1197 2351 dixi),
1211 2286 1284 2332 uon

335 2365 413 2431 leve
439 2367 560 2448 gloriae
580 2386 653 2430 suae
679 2367 894 2432 numeraturi
917 2367 1134 2431 commodum
1156 2367 1187 2430 si
1211 2367 1284 2431 filiu

336 2467 429 2547 regis
446 2467 503 2530 vel
516 2465 689 2530 deferrent
706 2465 876 2530 ludicrum
893 2467 950 2532 vel
967 2466 1162 2532 conferrent
1183 2467 1285 2553 obse·

336 2567 465 2647 quium.
517 2564 831 2648 Accumulavitque
848 2566 1082 2631 calamitatem
1099 2566 1285 2632 difficultas

336 2663 619 2730 inveniendorum
654 2665 874 2744 cadaverum,
908 2667 993 2749 quia
1024 2665 1189 2749 dispersis
1221 2687 1285 2750 per

336 2765 456 2829 littora
472 2765 715 2847 quaesitoribus
738 2766 871 2829 nullum
888 2766 989 2831 facile
1010 2773 1185 2849 repertum
1208 2774 1285 2847 est3

337 2863 398 2928 sed
422 2865 537 2929 ierunt
559 2872 632 2929 tam
657 2864 808 2929 delicata
833 2885 980 2950 corpora
1008 2867 1179 2948 aequoreis
1206 2886 1286 2931 cru·

337 2963 429 3029 delia
460 2964 590 3047 pabula
620 2965 796 3029 monstris.
847 2965 1036 3030 Juvenculi
1063 2984 1146 3047 ergo
1173 2973 1286 3031 morte

337 3065 490 3147 cognita,
506 3084 562 3128 res
583 3064 708 3128 mirum
728 3065 765 3129 in
787 3064 926 3129 modum
943 3073 1099 3131 mutatae.
1151 3064 1286 3130 Parcus

338 3166 430 3227 enim
445 3163 624 3228 coelibatui
640 3165 871 3243 renunciavit,
881 3167 938 3229 cui
953 3173 1034 3250 post
1046 3173 1191 3230 mortem
1203 3165 1286 3230 Ma·

338 3264 433 3329 tildis
446 3263 640 3343 studuerat,
651 3265 787 3329 futuros
802 3264 957 3330 haeredes
971 3285 1017 3329 ex
1028 3284 1120 3331 nova
1134 3266 1286 3351 conjuge

332 3364 550 3449 jamjamque
565 3365 734 3447 operiens.
787 3364 905 3444 Socer,
919 3385 965 3429 ex
981 3365 1206 3449 lerosolymis
1225 3366 1288 3431 do-

338 3484 432 3527 mum
457 3483 628 3542 reversus,
659 3465 816 3547 partibus
844 3465 1013 3529 Willelmi
1043 3465 1106 3529 filii
1137 3465 1286 3532 Roberti

177 3577 298 3617 A·D·11²³·
339 3563 534 3628 Normanni
558 3565 694 3628 comitis
722 3565 899 3647 improbus
924 3566 1049 3644 astitit,
1072 3559 1233 3631 ²tradens
1255 3568 1288 3632 ei

337 3665 481 3729 alteram
503 3664 611 3727 filiam
633 3671 792 3747 nuptum,
811 3672 848 3730 et
866 3664 1157 3730 cenomannicum
1178 3667 1287 3732 comi·

372 3925 648 3991 ¹Accarreraot.]A.S.
659 3928 689 3979 C.
699 3927 799 3979 D.E2.
825 3943 871 3978 son
889 3929 919 3979 of
932 3930 975 3980 the
992 3930 1063 3982 duke
1080 3931 1111 3981 of
1129 3933 1290 3999 Normandy,

337 3999 405 4059 L2.;
422 4002 594 4060 accurrerunt,
607 3999 663 4048 El.
825 4000 888 4048 with
904 4001 1003 4064 Smilla,
1020 4002 1047 4050 in
1067 4006 1141 4065 lura,
1156 4019 1212 4054 was
1234 4006 1289 4056 dis·

826 4070 922 4132 solved,
939 4076 966 4121 at
979 4071 1022 4120 the
1040 4073 1155 4123 instance
1170 4073 1200 4124 ol
1216 4076 1288 4141 Kiug

371 4135 382 4167 ²
392 4139 498 4186 Tradere
508 4137 531 4186 ei
541 4136 730 4203 alteramfilium
740 4152 800 4202 uap-
826 4139 925 4202 Henry,
935 4141 962 4189 in
972 4141 1015 4190 the
1032 4141 1163 4208 following
1175 4160 1238 4208 year
1253 4147 1289 4209 by

337 4209 410 4272 tum]
428 4208 481 4257 The
500 4209 624 4270 marriage
641 4208 670 4258 ol
678 4209 800 4274 Williaur,
825 4209 867 4258 the
878 4210 966 4273 pope's
976 4212 1069 4275 legate.
