2866 4868
176 618 272 658 Baldwin

175 669 227 717 king
236 670 259 708 of
265 670 326 710 Jeru-

176 720 249 760 salem.

179 2007 214 2045 He
222 2005 318 2046 marchen

176 2059 199 2094 to
207 2056 221 2095 J
222 2065 269 2094 em·

178 2106 251 2145 selem.

334 427 400 492 578
555 442 668 492 onsrn
691 442 817 490 nncuu
843 441 1054 489 suononuu.
1129 425 1213 507 [nin.
1235 439 1284 486 vv.

337 607 407 676 ten,
431 599 473 663 de
499 617 569 680 qua
593 593 674 661 ¹fuit
696 592 850 662 ²Paulus
875 597 1159 674 Samosathenus,
1183 597 1284 680 cujus
1313 674 1317 679 Ι

337 699 493 762 haeresim
511 698 725 763 confutatam
736 692 789 760 ⁸in
801 698 947 761 historia
962 698 1104 761 Eusebii
1119 696 1212 778 leget
1223 697 1285 778 qui

336 799 450 863 volet:
474 798 563 861 hanc
584 799 701 875 etiam,
719 799 749 860 si
763 799 850 861 bene
864 798 1013 861 occurrit
1029 798 1215 872 memoriae,
1233 796 1286 859 di-

337 898 385 961 cit
400 897 423 961 J
426 899 576 980 osephus
593 898 768 961 obsedisse
782 895 974 960 Antonium
988 896 1127 979 quando
1144 898 1188 962 ad
1206 915 1285 959 eum

339 996 499 1060 Herodes
513 999 617 1061 venit.
665 996 784 1080 Hujus
799 997 905 1077 igitur
921 997 1016 1059 urbis
1030 995 1153 1060 incolae
1165 995 1284 1072 Turci,

338 1097 397 1178 qui
420 1097 521 1178 primi
547 1096 753 1160 fuissentin
778 1096 931 1160 Francos
957 1096 1113 1160 audaciae
1138 1095 1286 1158 incenti-

337 1216 430 1272 vum,
449 1197 549 1278 primi
565 1195 766 1259 defectionis
780 1195 904 1259 dedere
921 1196 1124 1278 auspicium.
1159 1194 1286 1277 Itaque

337 1295 572 1372 BaldewinuS‚
587 1302 663 1359 tuto
680 1295 847 1359 Edessam
870 1295 1085 1376 perveniens,
1102 1288 1207 1357 4nihil
1230 1295 1285 1360 in-

338 1394 443 1456 senius
456 1414 558 1476 quam
576 1397 739 1477 sperabat
750 1394 902 1474 invenit3
927 1402 1055 1458 namet
1070 1389 1286 1458 ⁵invitatoris

338 1493 479 1575 profuso
501 1493 619 1558 favore
646 1501 839 1575 susceptus,
864 1500 899 1556 et
926 1514 996 1558 non
1027 1500 1107 1576 post
1135 1493 1285 1556 multum

338 1599 486 1674 tempus,
512 1594 572 1657 illo
596 1614 618 1658 a
641 1593 780 1676 perfidis
805 1594 939 1656 civibus
963 1593 1143 1670 dilaniato,
1168 1593 1285 1674 legiti-

337 1712 431 1755 mum
457 1694 552 1757 urbis
576 1694 741 1757 ducatum
765 1692 923 1774 adeptus,
938 1699 1013 1756 toto
1036 1701 1190 1774 tempore
1214 1711 1285 1774 quo

339 1791 465 1855 Franci
482 1791 573 1874 apud
592 1791 814 1857 Antiochiam
832 1800 867 1856 et
884 1792 1132 1875 lerosolymam
1148 1792 1286 1855 labora-

337 1898 461 1955 verunt
485 1912 555 1955 non
578 1893 740 1955 immunis
765 1892 933 1955 bellorum
955 1891 1033 1970 fuit,
1048 1890 1286 1974 frequentibus
1342 1925 1345 1931 ·

337 1990 526 2055 assultibus
541 1991 658 2055 hostes
673 1991 882 2055 contristans
898 2009 991 2054 suos.
1044 1990 1094 2055 At
1106 2011 1189 2055 vero
1208 1989 1285 2055 No-

339 2091 468 2154 vembri
491 2110 607 2155 mense
631 2089 828 2154 admonitus
856 2110 878 2154 a
902 2091 1106 2154 Boamundo
1131 2089 1288 2173 principe

337 2187 537 2273 Antiochiae
548 2197 588 2253 ut
608 2190 674 2254 iter
691 2190 914 2272 lerosolymae
925 2190 1001 2273 jam
1016 2190 1156 2253 tandem
1179 2208 1286 2271 expo·

336 2290 497 2367 rirentur,
513 2289 760 2371 profectionem
775 2289 988 2372 composuit;
1006 2289 1288 2372 propulsatisque

339 2389 413 2452 solo
436 2388 573 2452 candidi
588 2389 709 2453 vexilli
725 2390 803 2453 visu
820 2387 930 2474 (quod
950 2389 1086 2470 insigne
1106 2390 1143 2451 in
1166 2389 1288 2469 praelio

339 2485 506 2572 habebat)
530 2487 665 2564 Tomis,
691 2489 750 2570 qui
776 2495 915 2570 sperato
943 2486 1018 2571 ejus
1046 2489 1201 2552 discessu
1223 2507 1287 2571 pa-

339 2606 413 2649 cem
439 2587 613 2663 laeserant,
641 2607 662 2652 a
687 2587 812 2652 dextra
837 2586 1034 2668 relinquens
1051 2586 1286 2663 Antiochiam,

338 2686 434 2750 venit
451 2685 662 2750 Laodiciam.
716 2686 771 2751 Ibi
788 2686 1203 2758 liberalitateRaimundi
1228 2706 1287 2750 co-

339 2785 443 2858 mitis,
470 2786 529 2867 qui
549 2785 581 2849 ei
605 2786 738 2850 civitati
760 2786 1031 2868 principabatur,
1055 2786 1150 2849 tenui
1175 2786 1288 2867 pretio

339 2882 578 2948 sufficientiam
606 2886 706 2967 stipis
741 2892 925 2962 mercatus,
960 2883 1099 2949 Gibello
1138 2885 1288 2948 transito

339 2983 533 3048 recentibus
558 2985 715 3066 vestigiis
748 2985 989 3048 Boamundum
1020 2985 1197 3049 insecutus
1220 2991 1287 3061 est,

338 3083 398 3164 qui
425 3103 503 3146 eum
527 3082 607 3146 fixis
633 3084 790 3148 tentoriis
818 3084 1048 3165 operiebatur.
1100 3083 1123 3147 J
1126 3084 1228 3147 unxit
1250 3102 1289 3147 se

337 3201 415 3245 cum
440 3183 490 3246 eis
510 3185 748 3249 communione
762 3183 828 3246 viee
846 3183 1034 3247 Daibertus
1059 3182 1209 3247 Pisanus
1232 3202 1289 3247 ar-

373 3444 474 3518 ¹Foit.]
483 3449 516 3499 A.
524 3450 553 3501 S.
562 3450 591 3499 C.
601 3450 636 3500 D.
644 3451 667 3497 E
676 3453 699 3499 2.
709 3466 716 3510 3
728 3449 801 3498 omit·
827 3449 867 3496 his
879 3463 921 3498 see
932 3450 959 3496 in
969 3452 1017 3497 270
1037 3447 1124 3509 hythe
1136 3451 1253 3495 sentence
1265 3447 1295 3496 of

336 3519 484 3569 tedinEl.
826 3519 912 3580 eighty
934 3518 1048 3579 bishops,
1072 3516 1122 3565 and
1150 3516 1291 3577 altogether

369 3584 486 3637 2Paulus
504 3589 712 3651 Samothraca]
732 3588 800 3636 Paul
826 3588 948 3648 deprived
959 3587 988 3636 of
1003 3587 1042 3635 his
1059 3586 1129 3634 office
1147 3587 1173 3634 in
1189 3589 1238 3635 274
1257 3587 1293 3647 by

337 3656 367 3706 oi
383 3658 523 3717 spinosam,
537 3658 628 3719 bishop
646 3658 800 3719 ofAntioch,
827 3657 959 3706 Aurelian.
997 3655 1157 3722 (Mosheim’s
1190 3654 1292 3706 Eccles.

338 3727 409 3776 A.D.
418 3732 475 3777 260.
493 3727 535 3776 He
543 3742 598 3776 was
609 3729 689 3777 better
696 3727 800 3788 pleased
828 3726 897 3776 Hist.
908 3727 958 3776 vol.
971 3739 990 3774 1.
1001 3742 1028 3787 p.
1040 3729 1098 3786 702,
1109 3721 1169 3788 icc.)

338 3797 401 3844 with
412 3797 454 3845 the
464 3797 519 3846 title
531 3798 560 3846 of
567 3797 728 3846 Ducanarius
739 3797 800 3844 thau
862 3793 915 3844 ³In
934 3795 1037 3844 historio
1051 3789 1175 3860 Eusebi]
1195 3794 1290 3844 Euseb.

338 3866 402 3914 with
423 3866 478 3914 that
493 3867 522 3915 of
541 3866 647 3928 Bishop.
684 3866 734 3915 His
756 3867 800 3914 he·
828 3860 897 3914 Hist.
910 3866 1058 3914 Ecclesiast.
1069 3865 1114 3913 lib.
1126 3877 1173 3914 vu.
1185 3879 1208 3911 c.
1220 3868 1261 3913 30.

338 3949 406 3996 resy,
421 3935 474 3984 like
491 3936 563 3986 those
582 3936 612 3984 of
631 3937 730 3985 Noetus
749 3936 800 3983 and
862 3933 957 3984 ⁴Nibil
973 3935 1077 3994 inferius
1093 3948 1164 3997 quom
1179 3933 1293 3996 modat

339 4005 466 4054 Sabellius
485 4006 511 4053 in
528 4007 571 4055 the
593 4019 662 4054 same
685 4010 800 4068 century,
827 4000 943 4071 invenit]
963 4005 991 4053 S.
1004 4004 1038 4052 D.
1052 4006 1101 4062 Ε,;
1125 4002 1187 4050 nihil
1207 4004 1292 4053 minus

337 4074 430 4122 tended
452 4078 478 4122 to
500 4075 625 4125 coniound
646 4076 688 4124 the
708 4080 799 4136 myste·
826 4075 956 4134 promissis
967 4073 1130 4134 desideravit,
1143 4073 1174 4120 L.

337 4144 406 4192 rious
429 4144 574 4193 distinction
601 4144 630 4193 ol
649 4145 690 4193 the
713 4145 797 4193 divine
860 4137 1051 4211 ³lnoitotoris.]
1069 4143 1103 4193 A.
1118 4141 1290 4202 c.D.13.L.;

337 4227 451 4275 persons.
487 4214 590 4263 Hewas
598 4215 726 4276 degroded
734 4213 797 4264 from
825 4213 1024 4276 invitatoriis&
