2866 4868
194 413 262 461 nin.
279 395 323 481 1.]
482 407 656 460 msuoara
678 408 856 459 novumn.
1077 391 1145 458 697

192 577 266 635 tam
283 570 463 654 conspexi,
479 577 515 635 et
530 577 671 634 auctore
689 569 766 634 Deo
783 565 1002 634 confirmavi.
1035 566 1142 632 Hunc

195 672 342 737 ecclesia
358 671 504 754 suscipit
519 677 555 735 et
567 677 773 736 veneratur:
790 670 883 734 hunc
897 689 960 753 per
976 669 1043 733 Dei
1059 688 1141 750 gra·

193 771 279 835 tiam
305 772 472 855 episcopi,
500 772 657 849 abbates,
683 771 869 853 principes,
895 770 1081 852 capitanei,
1103 776 1140 834 et

192 870 353 949 barones,
367 871 509 956 quidam
530 890 593 955 per
614 890 653 935 se
674 871 782 953 ipsos,
804 870 945 953 quidam
966 890 1030 954 per
1050 890 1140 934 nun.

192 971 265 1036 cios
278 990 374 1049 suoS,
388 970 586 1036 videntibus
601 971 701 1035 nobis
717 970 951 1054 frequentant.
994 970 1142 1052 Deprec-

191 1071 368 1136 dationam
383 1071 480 1135 illam
502 1077 539 1135 et
560 1069 811 1149 crudelitatem,
828 1089 933 1153 quam
952 1069 1139 1152 praetendi·

191 1170 249 1248 tis,
258 1190 329 1236 non
337 1171 505 1237 videmus.
537 1169 743 1253 Quicunque
752 1170 797 1234 ad
806 1189 955 1253 cumpro
964 1170 1141 1253 responsis

190 1289 253 1335 seu
266 1272 415 1354 negotiis
425 1271 498 1335 suis
509 1271 654 1336 veniunt
663 1271 812 1353 benigne
822 1270 1069 1352 suscipiuntur,
1079 1272 1140 1335 be·

191 1370 331 1454 nignius
347 1376 581 1438 revertuntur.
633 1369 772 1447 Redite,
781 1369 857 1454 jam
873 1370 981 1434 redita
998 1368 1043 1433 ad
1058 1389 1137 1435 cor:

191 1470 299 1535 nolite
321 1471 471 1536 schisma
492 1472 530 1535 in
552 1470 699 1537 ecclesia
719 1470 850 1550 facere3
878 1470 922 1534 ad
946 1470 1139 1536 animarum

190 1572 447 1636 subversionem
464 1570 572 1635 nolite
587 1570 733 1635 ulterius
746 1570 927 1636 laboraret
945 1577 1064 1635 teneat
1075 1591 1139 1637 vos

191 1670 295 1735 timor
310 1664 406 1749 ¹Dai,
420 1691 490 1736 non
504 1670 617 1756 pudor
630 1670 749 1736 seculi.
801 1669 970 1754 Nunquid
985 1672 1045 1754 qui
1059 1671 1139 1735 dor-

191 1771 268 1848 mit,
285 1791 354 1836 non
368 1771 508 1856 adjiciet
524 1778 564 1836 ut
577 1772 761 1854 resurgatl
784 1771 940 1836 desistite
951 1771 1026 1856 jam
1044 1790 1140 1834 men-

191 1869 313 1949 daciis,
335 1871 511 1954 inquibus
537 1871 634 1953 impii
657 1891 754 1955 spem
778 1889 877 1935 suam
902 1890 1030 1952 ponere
1055 1889 1138 1935 con-

191 1977 347 2036 suerunt.
382 1971 553 2036 Dominus
566 1970 748 2036 Tiburtius
762 1971 798 2034 in
815 1971 954 2053 scriptis
971 1970 1043 2034 suis
1059 1989 1139 2035 cum

191 2063 408 2155 'juramento‘
425 2071 633 2137 testificatus
654 2078 721 2149 est,
734 2071 851 2135 dicens
866 2070 960 2154 quod
983 2090 1049 2152 ego
1064 2071 1139 2138 dia·

190 2189 315 2235 conum
331 2172 444 2237 sancti
457 2169 586 2255 Angeli
607 2173 720 2238 solum
744 2172 904 2237 idoneum
914 2171 1071 2254 judicavi
1093 2170 1138 2234 ad

189 2271 413 2354 pontificatus
427 2273 604 2337 ordinem.
654 2271 784 2337 Videat
798 2269 872 2354 ipse
889 2270 972 2353 quid
988 2269 1136 2335 dixerit:

189 2391 256 2454 ego
272 2371 309 2435 in
324 2371 461 2437 occulto
480 2373 618 2437 locutus
635 2390 713 2435 sum
728 2371 835 2451 nihil;
857 2376 995 2436 nonest
1011 2369 1137 2452 aliquis
1205 2427 1207 2432 .

189 2472 250 2554 qui
272 2471 338 2536 hoc
364 2473 508 2537 verbum
535 2474 580 2537 ab
609 2491 669 2535 ore
696 2490 773 2535 meo
798 2491 952 2554 unquam
977 2470 1135 2534 audierit.

191 2570 282 2636 Haec
304 2571 372 2636 fuit
385 2573 559 2637 sententia
575 2590 653 2636 mea
674 2590 820 2654 semper,
839 2579 880 2637 ut
901 2591 971 2636 non
995 2571 1065 2634 nisi·
1085 2590 1136 2634 se-

190 2672 290 2755 pulto
311 2691 404 2756 papa
420 2672 463 2736 de
485 2671 694 2737 successoris
716 2689 865 2752 persona
879 2671 1007 2737 mentio
1029 2670 1136 2735 habe·

189 2780 296 2836 retur.
348 2772 528 2837 Unitatem
542 2770 696 2836 ecclesiae
711 2771 819 2849 tenui,
834 2779 871 2836 et
884 2772 1029 2837 tenebo:
1045 2771 1137 2837 veri-

189 2873 257 2936 tati
270 2878 306 2936 et
317 2871 466 2956 justitiae
480 2872 655 2936 adhaerere
672 2873 813 2949 curabo,
830 2870 1043 2937 confidenter
1056 2891 1137 2955 spa·

188 2991 271 3036 rans
295 2970 378 3054 quia
388 2972 529 3056 justitia
551 2967 735 3038 et‘veritas
762 2972 924 3036 liberabit
949 2971 1027 3036 me.’
1079 2971 1266 3036 siena...-

188 3072 375 3155 praedictus
391 3072 519 3137 Petrus
541 3065 778 3150 ³Portuensis,
794 3071 901 3136 Petro
924 3070 1035 3136 Leoni
1056 3090 1136 3154 pro·
1148 3041 1273 3181 Ξίὲἓῖἓιῖ.

189 3173 279 3251 nior,
304 3173 455 3257 scripsit.
518 3172 595 3238 Nec
617 3191 700 3238 vero
724 3190 806 3255 pars
835 3171 947 3238 altera
977 3174 1137 3237 cessabat
1177 3147 1259 3181 ‘'⁰⁰⁹³‘'

190 3273 276 3356 quin
301 3280 338 3338 et
354 3274 467 3357 ipsum
483 3273 627 3338 Petrum
649 3274 804 3337 catulum
818 3273 929 3338 leonis
945 3273 1086 3352 diceret,
1100 3281 1137 3339 et
1182 3267 1184 3272 ’

189 3372 438 3457 fautoresejus
450 3373 611 3438 factionis
635 3374 820 3456 complices
835 3375 1039 3439 nominarat.
1090 3372 1138 3439 Et

187 3472 240 3537 illi
265 3473 404 3557 quidem
418 3474 517 3539 varia
541 3475 632 3538 inter
655 3493 692 3538 se
717 3473 831 3539 dubiis
855 3474 897 3539 de
923 3476 1026 3540 rebus
1053 3494 1136 3557 aga-

187 3574 283 3639 bant.
336 3573 561 3638 Innocentius
583 3594 667 3640 vero
691 3575 854 3638 exclusus
884 3574 1011 3652 Roma,
1041 3581 1138 3639 tran·

187 3673 318 3738 scansis
347 3671 509 3758 AlpibuS,
540 3666 711 3738 ⁴Galliam
744 3673 933 3740 contendit.
999 3674 1056 3739 Ibi
1092 3675 1137 3737 ab

222 3940 230 3973 ¹
242 3936 322 4012 net]
338 3942 372 3993 Ε.
385 3941 408 3991 1.
419 3944 463 4004 λς
483 3938 597 4003 Domini,
619 3940 648 3991 S.
708 3937 884 4002 ‘Portuensr'a
892 3941 969 3989 Petro
979 3938 1077 4002 Leoni]
1088 3939 1138 4000 E.;

185 4014 266 4067 (Η).
383 4044 385 4049 -
674 4009 823 4059 Portuensia
839 4009 1138 4071 episcopua,inPetrum

677 4080 768 4129 Leonis
778 4081 867 4143 filium,
878 4080 908 4129 S.
922 4082 952 4130 C.
964 4080 1000 4128 D.
1011 4079 1066 4131 La.

220 4150 407 4216 'duramentol
427 4153 472 4216 E.;
484 4153 650 4211 sacramento,
708 4149 719 4179 ⁴
733 4151 862 4214 Galliam]
875 4150 905 4201 S.
914 4149 1063 4212 C.D.b².;
1075 4149 1138 4202 Gal·

185 4227 215 4278 S.
228 4226 260 4277 C.
271 4224 308 4276 D.
319 4224 371 4275 ba.
674 4220 742 4284 bam,
754 4221 785 4271 E.
