2866 4868
185 389 332 472 ure.11.]
476 405 648 454 nisronm
672 407 848 455 novrum.
1071 393 1137 458 719

186 563 381 646 sumptibus
405 570 440 627 et
462 564 497 626 in
512 581 658 646 quarum
680 563 781 627 terris
806 569 1005 627 constructa
1025 571 1136 644 erant,

113 713 115 716 >
187 663 386 741 reddiderit,
400 661 461 728 sed
476 662 586 740 laicis,
603 663 798 747 eisdemque
813 682 937 745 parum
952 663 1135 747 religiosis,

187 762 458 828 contradiderit.'
510 762 586 827 Ista
608 763 663 828 vir
685 763 744 829 ille
769 770 843 828 tum
866 763 1040 846 privatim,
1061 771 1135 828 tum

188 865 293 928 etiam
307 863 444 946 publice
463 882 580 929 coram
604 883 686 947 rege
711 862 897 942 affirmans,
914 861 1137 947 ejusdemque

189 983 291 1028 aures
305 963 565 1028 deliberatione
580 971 615 1028 et
629 963 846 1029 restitutione
858 962 1059 1046 pontificum
1074 982 1137 1048 ap-

188 1063 336 1148 pellans,
352 1083 486 1130 omnem
504 1065 718 1148 consumpsit
740 1084 891 1148 operam,
908 1064 944 1127 in
960 1063 1056 1129 nullo
1073 1084 1136 1129 au·

189 1164 303 1229 ditus:
335 1171 557 1247 quapropter,
578 1165 731 1247 vigorem
758 1184 929 1229 canonum
953 1165 1136 1246 experien-

190 1264 273 1328 dum
297 1271 407 1342 ratus,
428 1264 585 1341 concilio,
600 1266 692 1349 quod
715 1272 840 1347 quarto
860 1263 1028 1329 kalendas
1051 1263 1136 1348 Sep·
1150 1292 1247 1342 iuges.

96 1359 99 1362 ’
190 1365 334 1429 tembris
349 1365 584 1430 celebraturus
607 1364 896 1443 eratWintoniae,
921 1363 1062 1428 fratrem
1084 1366 1138 1429 in·

190 1472 394 1529 cunctanter
410 1465 530 1530 adesse
544 1465 720 1548 pracepit.

191 1658 239 1704 DE
255 1656 421 1704 coNcltlo
444 1656 579 1704 HABITO
598 1657 667 1704 PRO
683 1655 861 1704 CAPTIONE
878 1653 1139 1707 EPISCOPORUM.

245 1764 339 1849 §22
363 1766 468 1830 Dicto
495 1765 549 1829 die
578 1785 696 1830 omnes
718 1764 790 1829 fere
813 1764 967 1848 episcopi
988 1763 1140 1849 Angliae,
1153 1788 1269 1829 amma

193 1885 272 1931 cum
289 1865 484 1932 Tbetbaldo
497 1865 757 1951 archiepiscopo
774 1864 973 1933 Cantuariae
983 1868 1043 1950 qui
1051 1866 1141 1931 Wil·
1154 1839 1292 1880 mm

146 1977 150 1982 ’
194 1965 297 2030 lelmo
316 1973 541 2045 successerat,
555 1973 723 2032 venerunt
736 1966 964 2031 Wintoniam.
1016 1964 1141 2031 Archi-

194 2066 376 2149 episcopus
401 2066 630 2132 Eboracensis
653 2065 839 2132 Turstinus
864 2086 928 2148 pro
943 2065 1142 2131 valetudine

195 2185 267 2249 qua
289 2167 513 2248 gravabatur,
536 2168 599 2231 vix
624 2167 714 2231 enim
740 2166 846 2230 animi
860 2166 992 2231 viribus
1017 2186 1141 2249 corpus

197 2267 350 2349 regebat,
366 2268 482 2331 caeteri
496 2287 579 2331 vero
595 2287 658 2350 pro
671 2285 808 2349 guerra,
825 2264 933 2330 literis
950 2267 1142 2330 absentiam

188 2384 292 2430 suam
307 2374 528 2432 excusarunt.
581 2366 724 2432 Lectum
749 2373 802 2430 est
819 2367 930 2448 primo
945 2367 980 2430 in
995 2367 1140 2431 concilio

194 2465 370 2531 decretum
395 2465 591 2532 Innocentii
613 2486 726 2550 papae,
749 2486 819 2550 quo
836 2466 912 2550 jam
936 2486 957 2530 a
984 2466 1141 2531 kalendis

196 2565 319 2645 Martii
333 2565 381 2653 (si
404 2568 490 2632 bene
511 2564 744 2653 commemini)
761 2574 878 2648 partes
900 2566 1142 2632 sollicitudinis

196 2684 270 2732 suae
291 2665 382 2730 idem
404 2667 615 2750 apostolicus
629 2667 767 2731 domino
789 2667 950 2751 episcopo
967 2667 1142 2732 Wintoni-

196 2767 271 2832 ensi
283 2765 364 2850 jure
387 2767 571 2851 legationis
596 2766 632 2830 in
655 2764 788 2850 Anglia
807 2767 1016 2850 injunxerat.
1069 2768 1143 2832 Ex·

195 2874 334 2950 ceptum
351 2867 386 2931 id
401 2887 536 2933 summo
551 2868 682 2945 favore,
695 2867 800 2950 quod,
814 2868 1040 2932 diuturnitate
1055 2875 1142 2932 tem·

194 2967 290 3050 poris
319 2967 582 3050 temperantiam
611 2985 710 3030 suam
739 2967 923 3032 ostendens
949 2967 1144 3050 episcopua,

196 3086 266 3132 non
281 3086 319 3131 se
334 3075 511 3152 praerupta
525 3068 678 3150 legatum
692 3067 947 3150 promulgasset
958 3067 1143 3150 jactantia.

198 3165 375 3233 Processit
387 3168 548 3251 deinceps
561 3168 598 3232 in
615 3167 761 3232 concilio
777 3186 890 3231 sermo
906 3165 1059 3250 ejusdem
1075 3167 1144 3231 La·

197 3267 337 3346 tialiter,
351 3267 396 3332 ad
411 3268 568 3333 literatos
583 3267 734 3343 babitus,
749 3266 792 3332 de
807 3265 1046 3349 indignatione
1062 3287 1144 3350 cap-

197 3365 301 3432 tionis
334 3367 594 3452 episcoporum:
635 3388 781 3450 quorum
818 3367 1076 3432 Salesbiriensis
1107 3369 1144 3432 in

196 3486 333 3531 camera
356 3469 473 3546 curiae,
502 3467 774 3533 Lindocoliensis
795 3468 832 3532 in
859 3467 1049 3533 diversorio
1080 3488 1145 3533 suo

196 3567 379 3652 intercepti
389 3576 525 3649 essent;
545 3567 734 3647 HeliensiS,
748 3568 942 3651 exemplum
958 3568 1070 3632 simile
1085 3588 1144 3633 ve-

196 3668 296 3746 ritus,
309 3667 420 3734 veloci
433 3667 595 3750 profugio
609 3669 650 3732 ad
670 3669 812 3734 Divisae
827 3688 866 3732 se
880 3667 1072 3733 calamitati
1084 3689 1145 3732 ex-

197 3769 349 3834 emisset.
400 3768 543 3833 ‘Scelus
557 3768 751 3834 miserabile
770 3788 886 3850 regem
901 3769 945 3831 ab
960 3768 1145 3832 incentori-

197 3868 262 3933 bus
283 3869 335 3934 ita
355 3867 462 3933 fuisse
484 3869 676 3947 seductum,
688 3875 728 3933 ut
741 3868 937 3933 hominibus
959 3869 1043 3946 suis,
1058 3888 1146 3950 pree-

197 3970 315 4033 sertim
339 3970 521 4053 episcopis,
538 3971 575 4033 in
592 3971 697 4034 curiae
713 3988 786 4034 suae
801 3988 887 4051 pace
908 3988 1032 4031 manus
1049 3968 1146 4052 injici

193 4067 366 4152 jussisset.
418 4067 568 4154 Adjecta
589 4077 682 4135 esset
703 4069 800 4152 regio
818 4068 974 4133 dedecori
995 4068 1147 4133 coelestis

197 4168 336 4253 injuria,
360 4177 409 4249 ut,
430 4173 493 4235 sub
510 4171 654 4236 obtentu
677 4172 788 4253 culpae
811 4170 1024 4251 pontificum,
1038 4169 1145 4233 eccle·
