2866 4868
181 607 316 657 Reeapltule·

180 659 226 699 tlon
235 659 259 698 or
265 660 302 699 tbe

181 710 225 750 eerl
233 709 258 749 ol
263 710 327 750 Glau-

182 759 266 800 certare
274 771 323 801 con-

182 810 239 850 duct.

341 415 407 480 760
630 429 804 479 ursroam
827 429 1002 477 novumn.
1133 413 1306 496 [nrn.111.,

344 590 411 655 Sed
429 590 613 655 noluerunt
629 589 787 654 assentiri
812 589 967 666 comiteS,
982 596 1017 654 et
1033 588 1093 652 alii
1110 587 1170 671 qui
1192 607 1295 669 rega-

343 693 427 756 lium
442 692 591 774 partium
607 698 706 759 erant
720 710 728 769 3
752 709 868 771 regem
883 691 1020 773 quidem
1034 689 1174 753 liberari
1195 688 1293 770 cupi·

344 799 454 870 enteS,
481 792 541 855 sed
565 791 653 855 citra
677 809 759 853 suas
781 792 818 854 in
839 791 994 872 pecuniae
1017 790 1203 854 amissione
1215 788 1293 872 jac-

344 899 463 957 turas:
487 911 566 956 nam
589 898 624 954 et
642 889 853 954 Gillebcrtus
877 909 991 953 comes
1006 889 1221 954 Willelmum
1250 889 1292 952 de

345 990 542 1069 salesbiria,
554 990 750 1055 Willelmus
768 990 811 1053 de
830 989 914 1072 Ipra
931 989 1144 1053 Hunfridum
1164 989 1207 1052 de
1224 989 1294 1053 Bo-

344 1091 428 1169 hun,
453 1098 488 1155 et
510 1091 667 1157 nonnulli
691 1091 750 1154 alii
774 1109 862 1173 quos
886 1097 1083 1173 potuerant,
1099 1089 1293 1154 Wintoniae

344 1199 521 1275 ceperant,
546 1191 663 1255 multis
695 1191 731 1254 in
759 1210 876 1255 eorum
906 1190 1141 1274 redemptione
1166 1190 1292 1254 marcis

345 1290 530 1356 inhiantes.

345 1482 519 1541 QUOMODO
546 1482 747 1530 'l'EN'l'ATUM
771 1481 834 1530 EST
858 1482 1020 1529 OOMITEM
1044 1481 1285 1530 GLOEOESTRAE

488 1582 593 1631 POSSE
617 1583 783 1630 INFLEOTI
808 1583 846 1631 ΙΝ
870 1582 1009 1631 PARTES
1033 1582 1151 1630 REGIS.

396 1693 413 1776 §
431 1693 482 1756 59.
509 1692 634 1776 Itaque
650 1693 720 1755 alia
735 1691 794 1755 via
816 1691 976 1756 comitem
1000 1691 1126 1768 adorsi,
1143 1691 1292 1773 promis·

345 1793 393 1856 sis
410 1793 619 1874 ingentibus,
636 1793 665 1855 si
681 1791 769 1856 forte
785 1797 938 1874 possent,
949 1791 1078 1855 illicere
1095 1791 1290 1873 cupiebant

346 1891 571 1968 Concederet,
588 1911 705 1956 sorore
722 1890 875 1968 dimissa,
888 1892 923 1953 in
943 1899 1059 1974 partes
1073 1891 1178 1972 regiS,
1195 1891 1292 1955 habi·

345 1999 444 2056 turus
462 1992 606 2077 proinde
623 1993 730 2057 totius
754 1998 856 2055 terrae
878 1990 1103 2069 dominatum,
1119 1998 1159 2054 ut
1174 1991 1218 2054 ad
1240 1992 1293 2074 ip·

344 2091 416 2156 sius
434 2094 612 2157 arbitrium
628 2092 816 2176 penderent
833 2092 967 2171 omnia3
993 2099 1153 2174 essetque
1168 2091 1295 2156 insola

346 2212 473 2258 corona
494 2198 575 2275 rege
602 2192 755 2269 inferior,
782 2192 917 2255 caeteris
940 2193 1098 2256 omnibus
1119 2211 1183 2274 pro
1202 2192 1293 2257 velle

344 2294 612 2376 principaturus
658 2292 803 2374 Repulit
816 2311 931 2355 comes
946 2293 1131 2357 immensas
1147 2292 1303 2375 promis·

345 2393 459 2457 siones
483 2394 696 2459 memorabili
715 2412 892 2475 responso,
908 2393 999 2474 quod
1021 2392 1207 2475 posteritas
1231 2412 1292 2457 au·

346 2492 419 2556 diat
442 2501 477 2557 et
497 2495 639 2558 miretur
655 2493 756 2559 volo:
784 2493 889 2557 ‘Non
909 2493 1009 2571 sum,'
1022 2493 1146 2574 inquit,
1162 2497 1292 2572 ‘meua

346 2592 408 2654 sed
423 2593 527 2656 alieni
537 2593 649 2677 juris:
675 2614 754 2657 cum
777 2612 863 2656 meae
883 2594 1067 2676 potestatis
1088 2612 1144 2656 me
1158 2593 1291 2672 videro,

346 2691 510 2774 quicquid
534 2695 624 2759 ratio
645 2695 689 2757 de
719 2713 756 2757 re
782 2712 886 2776 quam
912 2694 1073 2776 allegatis
1096 2692 1294 2773 dictaverit,

345 2789 517 2855 facturum
533 2813 587 2857 me
602 2792 817 2878 respondeo.'

384 2891 464 2974 §6st
476 2893 565 2957 Tum
576 2894 627 2957 illi
638 2893 878 2958 concitatiores
889 2900 925 2958 et
933 2891 1089 2956 nonnihil
1098 2893 1197 2972 moti,
1212 2914 1292 2959 cum

342 2992 519 3057 blanditiis
534 2994 620 3057 nihil
634 3001 886 3077 promoverent,
904 2993 1015 3056 minas
1032 2994 1205 3058 intentare
1220 3014 1291 3060 coe-

343 3099 481 3174 perunt,
496 3095 587 3177 quod
603 3115 681 3159 eum
696 3094 789 3159 ultra
805 3093 949 3158 marein
967 3093 1159 3157 Bononiam
1174 3095 1291 3160 mitte·

343 3200 432 3271 rent,
455 3196 630 3277 perpetuis
645 3194 793 3259 vinculis
817 3213 928 3277 usque
953 3193 997 3257 ad
1021 3200 1166 3257 mortem
1188 3194 1290 3260 inno·

342 3291 506 3358 dandum.
558 3296 744 3359 Enimvero
758 3294 828 3372 ille,
840 3295 952 3357 minas
969 3312 1090 3357 sereno
1103 3294 1204 3359 vultu
1219 3295 1290 3359 dis-

343 3393 493 3470 solvens,
522 3395 607 3459 nihil
638 3395 751 3459 minus
778 3413 816 3458 se
844 3395 963 3458 timere
987 3398 1202 3475 protestatus
1236 3402 1290 3459 est

342 3500 543 3557 constanter
557 3503 592 3559 et
609 3514 709 3560 vere:
733 3495 927 3558 confidebat
949 3493 1092 3556 enimin
1106 3495 1289 3575 magnani-

341 3593 462 3656 mitate
487 3595 683 3670 comitissae,
699 3593 820 3659 uxoris
836 3612 909 3657 suae
926 3586 1086 3671 ¹scilicet‚
1102 3599 1137 3656 et
1154 3595 1289 3659 animo·

340 3691 444 3756 sitate
473 3711 625 3772 suorum,
650 3695 710 3777 qui
733 3693 852 3757 statim
878 3712 994 3774 regem
1019 3692 1057 3754 in
1081 3692 1288 3758 Hiberniam

339 3791 528 3870 mitterent,
553 3795 583 3858 si
605 3793 687 3878 quid
710 3811 892 3877 perperam
911 3792 946 3855 in
970 3791 1130 3857 comitem
1155 3794 1287 3859 facturn

338 3892 525 3957 audissent.

389 3991 472 4075 §dL
496 3991 650 4057 Transiit
671 3993 707 4055 in
729 3991 784 4056 his
798 3992 937 4070 mensiS,
954 3998 1062 4057 tantae
1085 3994 1186 4059 molis
1210 4004 1287 4061 erat

540 4241 548 4272 ¹
562 4242 683 4307 Scilicet]
702 4245 733 4294 E.
748 4260 755 4306 ς
772 4244 877 4294 omitted
888 4245 914 4294 in
927 4245 955 4295 S.
968 4245 1002 4294 D.
1015 4247 1069 4296 Ll.
