2866 4868
396 639 801 725 PROLOGUS

300 826 356 884 in
386 826 592 887 menon
626 824 900 891 unnnrnm.

127 1135 265 1182 INCIPIT
297 1134 483 1183 PROLOGUS
524 1134 710 1182 WILLELMI
744 1133 1075 1182 MALMESBIRIENSIS

176 1235 215 1281 IN
240 1235 348 1283 LIBRO
371 1234 520 1294 Qunnso
552 1235 600 1280 DE
632 1233 756 1282 GESTIS
785 1235 913 1282 REGUM
938 1235 1074 1282 Antino-

177 1335 270 1383 RUM.

142 1497 256 1565 ,-
265 1514 273 1535 κ.
292 1472 385 1537 CIO
432 1471 606 1555 plerisque
645 1472 798 1554 ineptum
838 1473 948 1537 videri
985 1473 1076 1555 quod

134 1571 147 1655 ἦ
166 1582 170 1589 ’
189 1558 268 1675 ᾗ
316 1573 424 1655 gestis
449 1573 560 1636 nostri
580 1573 744 1655 temporis
776 1592 896 1654 regum
926 1573 1077 1637 scriben-

136 1663 272 1765 ³³33&
317 1673 371 1737 dis
413 1672 543 1756 stylum
591 1673 840 1754 applicuerim3
884 1673 1077 1737 dicentibus

149 1786 181 1805 f·
207 1754 252 1816 ⁴·
318 1773 411 1857 quod
432 1773 468 1836 in
494 1772 672 1863 ejusmodi.
697 1772 836 1854 scriptis
866 1792 960 1855 saepe
994 1792 1079 1836 nau-

127 1874 286 1954 fragatur
309 1875 440 1937 veritas
471 1879 507 1936 et
533 1872 747 1954 suffragatur
770 1871 917 1948 salsitas,
951 1874 1078 1955 quippe

130 1972 354 2056 praesentium
384 1973 478 2037 mala
503 1973 708 2055 periculose,
732 1973 824 2036 bona
848 1973 1079 2054 plausibiliter

128 2073 301 2137 dicuntur.
353 2073 406 2139 Eo
420 2074 460 2136 fit
477 2069 675 2158 (inquiunt)
697 2078 747 2149 ut,
764 2073 846 2154 quia
867 2072 969 2136 modo
987 2065 1078 2136 lorn-

128 2173 187 2236 nia
207 2172 320 2254 magis
342 2174 387 2237 ad
408 2173 507 2257 pejus
525 2192 630 2255 quam
652 2173 696 2236 ad
717 2172 840 2236 melius
862 2173 932 2235 sint
953 2171 1079 2254 procli-

129 2273 198 2349 via,
220 2274 370 2355 scriptor
391 2274 495 2338 obvia
526 2273 619 2336 mala
646 2265 808 2355 ²propter
833 2278 964 2335 metum
989 2292 1078 2354 prae-

128 2379 251 2450 tereat,
266 2380 313 2450 et,
329 2375 422 2438 bona
432 2374 463 2437 si
476 2393 546 2437 non
563 2379 657 2449 sunt,
666 2378 808 2454 propter
818 2373 979 2454 plausum
995 2391 1077 2435 con·

128 2472 249 2556 fingat.
301 2474 391 2538 Sunt
416 2473 476 2537 alii
496 2474 567 2555 qui,
591 2492 656 2536 nos
676 2492 721 2536 ex
744 2472 891 2552 segnitie
919 2491 984 2534 sua
1007 2491 1078 2536 me-

130 2573 268 2651 tientes,
285 2574 434 2655 impares
458 2579 557 2636 tanto
579 2572 712 2636 muneri
731 2572 943 2648 existimant,
960 2578 995 2635 ct
1011 2571 1077 2635 hoc

129 2673 280 2737 studium
297 2692 407 2755 prava
421 2672 666 2753 suggillatione
684 2670 932 2735 contaminant.
983 2670 1076 2749 Qua-

129 2780 271 2856 propter
292 2773 367 2856 jam
393 2771 537 2854 pridem,
565 2773 621 2836 vel
646 2771 783 2835 illorum
812 2770 992 2835 ratiocinio
1020 2771 1077 2836 vel

128 2871 274 2937 istorum
288 2871 428 2936 fastidio
439 2870 631 2953 perculsus,
647 2872 684 2935 in
700 2872 809 2933 otium
827 2889 1076 2947 concesseram,

129 2971 266 3036 silentio
282 2970 429 3035 libenter
445 2970 689 3052 adquiescens3
706 2971 767 3034 sed
781 2971 861 3034 dum
877 2970 1077 3053 aliquandiu

130 3071 266 3135 solutus
299 3070 425 3134 inertia
450 3089 643 3147 vacassem,
675 3089 795 3133 rursus
824 3070 949 3134 solitus
981 3090 1077 3134 amor

130 3170 322 3234 studiorum
335 3189 455 3234 aurem
464 3170 563 3234 vellit
573 3176 609 3233 et
623 3188 762 3233 manum
776 3169 908 3253 injecit,
920 3177 1077 3252 propter-

131 3289 173 3334 ea
187 3270 279 3352 quod
300 3290 364 3334 nec
385 3271 435 3334 nil
455 3289 559 3352 agere
575 3288 724 3352 possem,
743 3275 778 3332 et
793 3270 868 3332 istis
883 3268 1078 3333 forensibus

130 3378 165 3434 et
182 3371 319 3434 homine
336 3370 475 3434 literato
491 3369 642 3451 indignis
659 3370 752 3432 curis
772 3388 827 3432 me
849 3368 985 3433 tradere
1007 3389 1077 3434 non

130 3489 279 3534 nossem.
329 3468 518 3534 Accessere
545 3469 732 3533 amicorum
754 3487 908 3532 meorum
935 3470 1078 3547 stimuli,

130 3589 277 3652 qnorum
290 3569 347 3633 vel
364 3571 481 3634 tacitae
505 3567 836 3651 suggestionideese
858 3588 927 3631 non
951 3569 1077 3649 debui3

130 3676 166 3732 et
185 3669 237 3732 illi
255 3669 391 3751 quidem
415 3669 568 3733 modeste
589 3667 664 3751 jam
686 3669 895 3750 prurientem
911 3668 1079 3750 impulere

60 3757 63 3761 ’
130 3775 170 3832 ut
195 3775 347 3850 coeptum
371 3787 608 3851 prosequerer.
660 3767 805 3830 Illorum
833 3768 963 3851 itaque,
991 3788 1078 3851 quos

132 3868 270 3950 penitus
286 3868 437 3949 reposito
456 3888 571 3932 amore
593 3867 713 3949 diligo,
731 3866 925 3931 hortatibus
948 3869 1080 3931 anima-

135 3973 192 4030 tus
222 3986 380 4049 assurgo,
402 3976 442 4032 nt
473 3987 517 4031 ex
539 3967 689 4050 pectoris
711 3967 822 4031 nostri
843 3969 1080 4050 promptuario

168 4203 175 4233 ¹
201 4207 312 4271 Onnum]
330 4208 364 4277 D.
385 4210 436 4268 Ε.;
461 4223 525 4270 pene
542 4224 593 4258 om·
656 4205 787 4273 ²Pr0prer
807 4205 919 4277 metam]
942 4209 976 4262 A.
995 4213 1024 4262 S.
1044 4212 1079 4264 D.

73 4335 86 4359 Ι
130 4277 225 4340 nias.
604 4279 653 4337 ,Ε.
665 4279 715 4341 L.;
731 4281 834 4329 omitted
844 4281 870 4329 in
883 4282 914 4332 C.
