2866 4868
105 435 191 490 -nua
208 422 261 505 v.]
349 435 463 484 cnara
486 437 613 487 accurs
637 439 853 488 succursu.
1004 425 1070 491 641

122 602 178 659 tor
187 595 406 676 continebat3
421 594 515 660 fures
528 602 564 661 et
579 595 739 661 falsarios
756 597 905 662 latentes
915 597 1071 663 maxima

123 694 306 778 diligentia
321 703 556 779 perscrutans,
572 697 732 761 inventos
747 699 894 779 puniens
907 718 917 778 3
944 716 1071 780 parva·
1151 689 1157 703 '

123 814 200 858 rum
217 814 356 878 quoque
377 815 491 859 rerum
511 816 581 859 non
597 797 787 879 negligens.
840 790 947 861 ¹Cum
971 817 1072 859 num-

124 913 200 961 mos
212 894 354 972 fractos,
365 895 447 959 licet
460 896 542 958 boni
557 897 705 977 argenti,
718 915 740 958 a
750 896 988 960 venditoribus
1001 916 1072 960 non

125 993 232 1076 recipi
255 993 421 1071 audisset,
439 1013 556 1058 omnes
569 994 626 1059 vel
650 994 765 1077 frangi
781 995 837 1059 vel
859 995 964 1059 incidi
981 1015 1073 1078 prae-

125 1093 229 1177 cepit.
298 1093 532 1158 Mercatorum
560 1093 685 1157 falsam
710 1094 830 1157 ulnam
861 1095 1071 1176 castigavit3

125 1192 258 1257 brachii
283 1193 337 1257 sni
369 1212 531 1256 mensura
560 1192 727 1270 adhibita,
754 1194 981 1277 omnibusque
1012 1213 1074 1276 per

128 1290 294 1374 Angliam
309 1292 500 1375 proposita.
544 1284 760 1356 ²Curialibus
778 1295 862 1370 suiS,
876 1295 1074 1376 ubicunque

126 1391 289 1456 villarum
316 1398 420 1470 esset,
449 1397 618 1474 quantum
643 1411 665 1456 a
686 1392 825 1456 rusticis
847 1394 957 1474 gratis
983 1394 1075 1456 acci·

128 1510 221 1574 pere,
234 1500 404 1574 quantum
421 1498 457 1555 et
470 1497 579 1574 quoto
599 1491 710 1574 pretio
733 1511 845 1555 emere
863 1492 1075 1570 debuissent,

129 1590 240 1655 edixit
260 1611 270 1672 ;
307 1597 582 1673 transgressores
619 1590 676 1656 vel
714 1591 814 1672 gravi
851 1592 1076 1673 pecuniarum

128 1691 271 1768 mulcta,
285 1691 343 1756 vol
362 1690 445 1755 vitae
466 1688 659 1772 dispendio,
681 1688 846 1754 afficiens.
897 1689 1075 1774 Principio

129 1789 241 1872 regni,
258 1796 299 1853 ut
314 1796 444 1854 terrore
459 1789 610 1871 exempli
632 1808 710 1854 reos
729 1789 894 1866 inureret,
910 1790 954 1853 ad
970 1809 1076 1853 mem-

128 1889 270 1954 brorum
295 1887 605 1966 detruncationem,
632 1895 713 1970 post
734 1888 777 1952 ad
801 1889 957 1971 pecuniae
981 1888 1077 1952 solu·

131 1988 259 2053 tionem
277 1988 463 2070 proclivior
476 2007 485 2066 ;
510 2007 574 2070 pro
591 2007 726 2051 morum
740 1987 935 2070 prudentia,
950 1994 990 2050 ut
1005 1986 1077 2052 fere

131 2085 199 2152 fert
224 2094 351 2152 natura
375 2085 585 2163 mortalium,
612 2086 838 2169 optimatibus
859 2087 1077 2165 venerabilis

131 2186 402 2270 provincialibus
419 2186 576 2250 amabilis
598 2185 801 2250 habebatur.
854 2184 958 2265 Quod
972 2187 1002 2249 si
1017 2187 1077 2268 qui

131 2285 314 2370 majorum,
333 2285 444 2370 jurati
470 2286 678 2350 sacramenti
701 2285 928 2362 immemores,
954 2304 977 2347 a
998 2285 1078 2350 fidei

130 2385 271 2449 tramite
304 2385 552 2462 exorbitarent,
584 2380 763 2462 continu'o,
793 2392 828 2448 et
847 2384 1077 2448 ‘consiliorum

132 2482 287 2549 efficacia
307 2492 343 2549 et
364 2484 522 2548 laborum
541 2484 812 2567 perseverantia,
834 2503 997 2548 erroneos
1024 2505 1078 2549 rc-

131 2583 334 2649 vocabatad
347 2583 494 2664 lineam;
511 2603 573 2666 per
589 2583 812 2666 asperitatem
823 2583 1004 2647 vulnerum
1017 2583 1079 2648 de·

132 2689 322 2748 tractantes
335 2682 502 2747 reducens
513 2683 557 2746 ad
571 2682 756 2747 sanitatem
774 2683 978 2747 animorum.
1003 2683 1079 2748 Nec

133 2781 235 2851 facile
252 2798 358 2867 qnam
371 2782 554 2846 diuturnos
566 2782 709 2846 sudores
725 2781 762 2845 in
779 2782 909 2846 talibus
921 2782 1080 2847 effuderit

133 2901 343 2959 enumerem,
359 2881 442 2945 dum
466 2881 552 2946 nibil
568 2882 700 2963 patitur
713 2881 863 2944 inultum
878 2880 971 2963 quod
986 2900 1007 2944 a
1020 2882 1081 2944 de-

132 2980 369 3064 linquentibus
393 2980 613 3045 commissum
629 2979 792 3062 dignitati
808 2999 881 3043 suae
897 3000 968 3043 non
989 2987 1082 3045 esset

134 3086 416 3154 consentaneum.
468 3078 671 3161 Pugnarum
696 3087 772 3143 erat
799 3079 952 3142 maxima
975 3098 1082 3143 causa

136 3178 368 3256 Normannia,
399 3184 440 3242 ut
465 3186 546 3243 ante
570 3178 658 3256 dixi,
686 3177 723 3240 in
751 3197 822 3260 qua
849 3177 925 3260 ipse
952 3178 1083 3259 pariter

134 3278 254 3342 multis
270 3278 371 3342 annis
380 3277 522 3360 degens,
534 3275 673 3359 Angliae
684 3296 822 3359 quoque
834 3278 1081 3359 prospiciebat3

134 3377 241 3442 nullo*
253 3376 404 3442 audente
425 3384 533 3459 eaput
556 3376 688 3459 erigere
704 3376 786 3439 dum
806 3376 865 3439 ille
891 3377 1083 3454 audaciam,

171 3663 181 3697 ¹
194 3666 257 3715 Cam
266 3679 375 3715 summor
383 3663 496 3725 fractos.
509 3701 516 3716 .
530 3701 537 3716 .
549 3680 597 3714 om-
622 3665 730 3728 quality,
738 3665 789 3714 and
800 3669 827 3714 at
836 3663 879 3714 the
891 3665 1029 3714 sametime
1039 3665 1086 3714 leit

133 3751 177 3786 aee
186 3735 364 3797 wlfraagicel
374 3735 451 3784 incidi
458 3735 596 3798 pracepit]
622 3751 655 3784 no
671 3739 772 3798 pretext
781 3735 820 3783 for
835 3735 950 3798 refusing
960 3736 980 3783 it
991 3749 1023 3782 on
1040 3749 1086 3783 ac·

134 3804 248 3855 ‘Whilst
265 3805 453 3867 endeavouring
467 3808 493 3854 to
508 3805 598 3854 distin·
622 3809 699 3854 count
709 3805 738 3854 oi
745 3806 779 3854 ite
789 3805 866 3866 being
881 3805 975 3854 broken
985 3817 1085 3865 money.

136 3874 213 3940 guisii
235 3874 301 3937 good
322 3875 380 3923 coin
398 3872 461 3922 from
483 3879 598 3924 counter·
622 3875 656 3924 V.
675 3874 821 3933 Edmerum,
845 3874 915 3924 Hist.
939 3874 1036 3925 Noror.
1058 3889 1085 3936 p.

134 3941 209 4007 teitus
220 3942 263 3992 the
281 3943 358 3992 silver
373 3957 458 4004 penny
475 3958 531 3993 was
549 3943 599 3992 ire·
622 3942 674 3994 st!
689 3939 811 4012 (Sharpe,
822 3939 895 4010 507.)

135 4013 242 4077 quently
248 4012 411 4075 broken,and
418 4011 479 4063 then
486 4013 597 4064 refused.

137 4081 250 4144 Henry's
264 4081 338 4131 order
351 4076 483 4136 therelore.
491 4082 547 4132 that
563 4083 598 4132 all
632 4138 635 4143 ,
659 4078 670 4110 ²
690 4081 833 4131 Curiatius
849 4077 922 4140 οιαὶ]
951 4080 1005 4130 Ll.
1024 4080 1087 4130 ende

136 4152 230 4205 should
250 4152 282 4202 be
303 4152 409 4215 broken,
427 4153 533 4202 enabled
548 4167 605 4214 any.
624 4151 743 4214 abruptly
760 4151 823 4200 with
840 4150 911 4200 these
928 4150 1023 4213 words,
1044 4150 1087 4200 the

137 4236 186 4274 one
196 4220 366 4284 immediately
377 4225 405 4271 to
420 4224 544 4272 ascemin
556 4223 599 4272 the
625 4221 683 4272 MS.
692 4221 769 4283 being
780 4219 913 4270 defective.
