2866 4868
323 421 389 486 616
539 436 653 484 susm
678 435 803 484 nacon
827 416 1042 483 incnonuu.
1139 419 1226 500 [ma.
1242 433 1275 480 v.

324 592 460 675 losophi
485 599 682 674 regnarent,
706 591 774 657 vel*
793 610 892 673 reges
922 590 1276 673 philosopharentu1·.'

328 692 555 775 Philosophia
578 712 660 774 ergo
689 712 759 755 non
783 691 869 754 adeo
892 690 1028 753 exiliter
1053 689 1274 769 informatus,

328 793 455 856 sensim
469 793 623 855 discebat
637 800 676 855 ut
690 810 852 855 successu
864 790 1027 873 temporis
1041 790 1274 872 provinciales

328 893 445 956 mitius
472 893 674 970 contineret,
701 893 826 954 milites
849 890 984 954 nonnisi
1010 890 1273 972 diligentissime

327 993 510 1074 explorata
524 993 729 1055 necessitate
744 991 956 1055 committere
972 990 1111 1055 sineret.
1147 991 1274 1075 Itaque

327 1093 510 1175 pueritiam
535 1092 579 1154 ad
604 1109 700 1174 spem
722 1091 820 1172 regni
839 1090 949 1155 literis
970 1090 1167 1171 muniebat3
1192 1095 1275 1157 sub·

326 1191 418 1269 inde,
431 1200 530 1275 patre
542 1211 678 1274 quoque
690 1190 862 1267 audiente,
874 1188 1039 1274 jactitare
1053 1193 1275 1272 proverbium

326 1292 462 1369 solitus,
478 1292 582 1355 ‘Rex
596 1291 791 1368 illiteratus,
809 1291 926 1353 asinus
944 1291 1153 1355 coronatus!
1206 1294 1274 1358 Fe-

325 1399 406 1454 runt
435 1392 624 1474 quinetiam
661 1392 852 1472 genitorem
888 1410 958 1453 non
996 1398 1273 1473 praetereuntem,

325 1498 448 1554 notata
463 1511 595 1554 morum
617 1491 692 1575 ejus
714 1490 961 1572 compositione
974 1490 1098 1572 quibus
1115 1492 1272 1558 vivacem

327 1590 545 1675 prudentiam
568 1592 688 1667 aleret,
703 1592 747 1655 ab
760 1610 830 1655 uno
852 1590 997 1653 fratrum
1020 1590 1152 1670 laesum,
1170 1599 1206 1656 et
1219 1594 1272 1658 la-

327 1690 563 1773 chrymantem
586 1690 640 1754 his
664 1691 847 1768 animasse,
872 1689 954 1752 ‘Ne
977 1689 1074 1767 fleas,
1099 1691 1159 1768 fili,
1185 1712 1272 1775 quo-

327 1790 420 1885 niam
434 1798 469 1855 et
483 1798 523 1854 tu
535 1811 597 1854 rex
611 1791 702 1854 eris’

164 1911 264 1960 aaran
372 1885 676 1973 §391.¹Vicesimo
690 1911 773 1972 ergo
787 1891 898 1974 primo
909 1889 1007 1971 regni
1021 1891 1156 1972 paterni
1167 1911 1272 1971 anno,

163 1961 306 2012 knlgbtedby
414 1991 421 2004 .
754 1992 760 2005 .
864 1991 871 2004 .

164 2010 282 2060 nisinun,
326 1997 441 2054 aetatis
471 2010 544 2054 snae
572 2011 663 2054 nono
689 1990 833 2068 decimo,
861 2011 898 2053 1n
929 1990 1148 2068 Pentecoste,
1176 1993 1270 2075 apud

165 2061 287 2152 lf‘dd‘ds'e'.
325 2090 673 2154 westmonasterium
703 2093 850 2173 sumpsit
876 2102 973 2153 arma
1003 2109 1025 2153 a
1049 2096 1159 2171 patre,
1191 2111 1270 2156 cum

322 2209 394 2271 ,quo
412 2197 495 2254 tunc
511 2191 763 2254 Normanniam
783 2190 966 2270 navigans,
980 2210 1050 2253 non
1064 2190 1174 2254 multo
1190 2200 1272 2275 post
1367 2226 1368 2231 κ

324 2309 477 2371 praesens
499 2290 609 2354 funeri
629 2291 704 2374 ejus
725 2292 847 2367 astitit,
864 2289 998 2353 caeteris
1019 2286 1183 2354 fratribus
1199 2312 1270 2375 quo

324 2409 493 2472 quemque
514 2410 594 2472 spes
610 2391 739 2455 tulerat
758 2388 914 2472 dilapsis
927 2396 966 2454 ut
980 2390 1135 2471 superior
1156 2409 1270 2457 sermo

324 2509 394 2552 non
418 2490 577 2554 occuluit.
630 2490 851 2573 Quapropter
866 2493 1011 2572 paterna
1032 2490 1269 2556 benedictione

322 2595 359 2651 et
388 2597 543 2654 materna
578 2589 792 2666 haereditate,
821 2589 923 2653 simul
956 2596 991 2653 et
1021 2589 1270 2672 multiplicibus

323 2687 495 2751 thesauris
507 2683 638 2766 ²nixuS,
655 2689 875 2772 supercilium
887 2708 1127 2770 germanorum
1142 2708 1267 2771 parum

321 2785 483 2866 faciebat,
503 2788 641 2871 utrique
656 2790 711 2853 vel
734 2790 899 2852 assistens
915 2788 971 2853 vel
993 2789 1181 2852 adversans
1203 2811 1269 2873 pro

322 2888 464 2952 merito:
488 2889 684 2953 inclinatior
708 2909 812 2972 porro
840 2889 994 2952 Roberto
1018 2907 1081 2970 pro
1104 2895 1267 2955 mansue·

321 2987 452 3064 tudine,
468 2989 544 3071 ejus
560 2989 738 3053 lenitatem
760 3008 823 3053 suo
846 2989 960 3069 rigore
982 2989 1166 3068 satagebat
1183 3009 1267 3054 acu·

320 3106 388 3150 ere.
456 3087 598 3166 Contra,
626 3088 695 3166 ille,
726 3090 834 3152 noxia
860 3087 1026 3151 facilitate
1054 3086 1265 3155 delatoribus

319 3186 491 3266 credulus,
522 3189 663 3252 fratrem
694 3189 903 3252 immeritum
934 3187 1068 3270 injuriis
1097 3191 1263 3269 vexabat,

319 3305 406 3367 quas
420 3289 475 3351 vel
491 3289 642 3352 breviter
659 3296 782 3352 taxare
797 3308 868 3351 non
883 3288 949 3350 erit
963 3287 1201 3368 incongruum.

156 3399 298 3490 fflffifflsslf
370 3386 470 3468 §392
496 3388 548 3451 Eo
566 3395 731 3470 tempore,
754 3407 834 3471 quo,
851 3387 1073 3451 frementibus
1095 3386 1265 3454 adversus

155 3462 276 3541 unde?
317 3483 529 3550 Willelmum
562 3488 750 3551 secundum
775 3485 921 3568 Angliae*
946 3487 1156 3568 proceribus
1188 3488 1268 3554 Ro-

155 3550 222 3600 ma
316 3585 434 3649 bertus
454 3588 489 3649 in
507 3587 725 3652 Normannia
737 3594 879 3651 ventum
894 3579 1113 3670 ³prosperum
1136 3607 1264 3673 expec-

349 3880 358 3912 ¹
389 3883 507 3933 Viceainu
533 3898 592 3945 ergo
616 3882 696 3945 primo
800 3897 861 3945 year
873 3887 945 3946 1086,
962 3883 988 3932 in
1003 3883 1046 3932 the
1060 3885 1189 3934 twentieth
1200 3900 1265 3948 year

312 3953 402 4015 aava]
427 3954 540 4002 Willium
563 3953 606 4001 the
631 3953 776 4015 Conquerar
799 3952 828 4002 of
835 3954 875 4002 his
886 3950 989 4003 fallier's
999 3955 1080 4017 reign.

312 4036 367 4070 was
383 4024 478 4072 abroad
494 4028 520 4071 at
537 4023 673 4072 Pentecost
688 4024 715 4071 in
731 4023 773 4072 the
834 4021 963 4086 ²Ndaeus]
975 4023 1009 4074 A.
1020 4025 1049 4075 S.
1060 4026 1090 4074 G.
1099 4024 1135 4073 D.
1146 4024 1171 4072 E
1179 4025 1262 4088 a.L.;

313 4093 473 4152 twenty-first
495 4108 557 4154 year
578 4092 607 4142 of
632 4093 672 4140 his
693 4093 774 4156 reign,
797 4095 955 4152 nexum-31.

311 4161 382 4212 Aa).
406 4166 477 4211 1⁰8⁷.
530 4163 620 4223 Henry
649 4162 774 4211 undoubt-
833 4158 1070 4233 ³Prosperum.]d.
1084 4165 1113 4215 C.
1124 4163 1160 4214 D.
1172 4163 1264 4226 ab,

311 4232 370 4294 edly
381 4231 496 4282 received
512 4231 669 4294 knightbood
687 4233 713 4280 in
731 4233 773 4288 the
784 4280 786 4285 ,
797 4235 902 4283 omitted
912 4235 938 4282 in
950 4233 979 4283 S.
