2866 4868
350 396 416 461 740
635 410 809 459 arsronm
832 411 1009 463 novumn.
1139 399 1229 482 [ma.
1248 416 1301 465 ιιι.

351 570 514 655 Iniquum
529 570 565 635 id
582 572 695 636 visum
720 570 850 648 multis,
866 571 949 654 quia
967 569 1077 657 (sicut
1094 568 1186 656 dixi)
1203 573 1300 639 nulla

348 673 545 755 suspicione
565 672 719 736 rancoris
744 672 854 735 abeis
872 678 953 735 ante
973 671 1099 736 festum
1121 673 1299 744 abscesse-

349 779 416 849 rat,
432 792 494 836 nec
511 771 613 837 modo
628 792 723 836 more
739 771 910 855 majorum
928 772 1116 837 amicitiam
1133 793 1233 837 suam
1250 775 1298 839 eis

348 872 587 951 interdixerat,
599 872 692 956 quod
704 870 883 937 Diffidiare
894 871 1024 936 dicunt.
1059 872 1171 937 Porro
1184 893 1298 939 comes

349 970 556 1050 Castrensis
581 973 740 1056 quamvis
762 973 909 1054 ancipiti·
933 973 1087 1055 periculo
1108 974 1297 1054 involutus,

347 1073 454 1155 probe
473 1079 589 1137 tamen
616 1072 750 1137 castelli
767 1073 947 1154 angustias
974 1074 1107 1138 evasit:
1142 1095 1214 1139 non
1239 1074 1297 1140 de·

346 1173 428 1237 finio
443 1193 512 1255 qua
528 1173 704 1254 versutia;
730 1173 804 1252 sive
831 1191 1001 1237 consensu
1018 1174 1213 1257 aliquorum
1236 1177 1297 1240 ob·

345 1268 553 1352 sidentium}
590 1275 675 1351 sive,
706 1273 789 1355 quia
819 1273 929 1338 virtus
962 1273 1176 1357 deprehensa
1208 1275 1296 1340 solet

346 1374 465 1436 multis
490 1374 600 1438 modis
627 1393 794 1457 quaerere,
827 1380 863 1438 et
895 1373 1098 1458 plaeruuque
1130 1376 1296 1455 invenire,

346 1474 540 1537 consilium.
594 1474 720 1557 Itaque
743 1494 813 1538 non
831 1481 1016 1557 contentus
1033 1494 1098 1538 sua
1119 1465 1233 1539 solum
1255 1476 1295 1540 li-

344 1573 534 1651 beratione,
552 1573 594 1636 de
610 1573 723 1638 salute
737 1574 855 1638 fratris
871 1581 906 1638 et
917 1576 1049 1653 uxoris,
1061 1595 1150 1659 quos
1163 1577 1199 1639 in
1218 1595 1293 1641 cas-

347 1673 430 1738 tello
446 1673 645 1757 reliquerat,
668 1673 849 1752 sollicitus,
868 1677 1020 1739 animum
1042 1683 1160 1759 partes
1174 1695 1295 1743 versa·

345 1773 456 1839 batin
473 1793 601 1839 omnes.
654 1773 779 1838 Sanior
801 1775 973 1838 sententia
989 1776 1066 1840 visa
1090 1776 1251 1859 flagitare
1273 1797 1294 1842 a

345 1894 465 1939 socero
481 1874 661 1951 auxilium,
679 1875 838 1957 quamvis
854 1873 988 1939 animos
1003 1875 1078 1960 ejus
1088 1875 1293 1961 jamdudum

345 1975 521 2039 nonnullis
546 1995 591 2038 ex
611 1974 726 2039 causis
749 1974 959 2052 offendisset,
983 1977 1134 2041 maxime
1157 1978 1240 2059 quia
1260 1977 1296 2040 in

344 2083 469 2140 neutro
494 2074 603 2139 latere
628 2075 718 2139 fidus
740 2075 917 2141 videretur
941 2094 1030 2141 esse.
1089 2076 1190 2142 Misit
1211 2095 1294 2158 ergo

344 2183 547 2260 perpetuam
569 2194 632 2258 per
651 2176 794 2240 nuncios
814 2183 940 2259 pactus
962 2175 1166 2240 fidelitatem
1186 2178 1294 2260 impe·

344 2276 473 2353 ratrici,
498 2276 540 2354 si,
566 2283 726 2357 respectu
749 2276 892 2358 pietatis
918 2277 1029 2359 magis
1058 2295 1164 2360 quam
1189 2277 1292 2342 ullius

344 2377 400 2440 sui
426 2376 551 2453 meriti,
578 2376 825 2457 periclitantes,
853 2377 913 2458 qui
939 2376 977 2439 in
1003 2377 1092 2460 ipsis
1120 2377 1293 2463 captionis

344 2475 501 2540 faucibus
516 2476 733 2554 tenebantur,
751 2469 923 2541 eximeret
934 2475 1082 2561 injuriae.
1235 2471 1240 2480 ”

361 2668 535 2728 QUOMODO
558 2669 675 2718 OOMES
698 2669 939 2718 GLOEOESTRAE
962 2666 1153 2717 ROBERTUS
1176 2667 1281 2719 IERl'l'

527 2770 576 2818 An
600 2770 904 2819 SUOOURRENDUM
928 2768 1102 2817 OBSESSIS.

180 2892 257 2983 3321}
265 2894 331 2984 ἓξὲξ
394 2876 483 2960 §aa
507 2876 590 2942 Non
618 2876 740 2942 habuit
760 2897 875 2942 comes
896 2876 1109 2942 Gloecestrae
1138 2874 1294 2941 difficiles

180 2996 316 3035 certertoltr
343 2996 456 3055 aures,
470 2977 713 3060 indignitatem
738 2978 789 3042 rei
812 2997 882 3041 non
904 2976 1038 3056 ferens3
1061 2975 1164 3040 simul
1187 2977 1292 3042 etiam

180 3045 247 3084 ’Μ’
341 3072 511 3160 pertaesus
532 3097 650 3155 morae,
666 3078 749 3161 quia
769 3077 1035 3160 praeclarissima
1048 3077 1163 3159 patria
1185 3096 1293 3140 causa

342 3177 488 3242 duorum
520 3177 694 3243 bominum
721 3177 895 3241 intestinis
923 3176 1055 3260 rapinis
1079 3183 1115 3240 ct
1140 3175 1294 3242 caedibus

341 3279 547 3357 vexabatur,
574 3277 697 3342 maluit
713 3276 762 3364 (si
785 3277 882 3341 Deus
909 3272 1292 3361 permisisset)ren1in

341 3385 515 3442 extremos
543 3378 711 3442 deducere
737 3396 850 3442 casus.
903 3376 1076 3460 Sperabat
1104 3377 1209 3440 etiam
1239 3375 1293 3462 di·

341 3479 461 3542 vinum
490 3480 526 3543 in
556 3479 696 3561 incepto
725 3477 891 3554 favorem,
920 3477 1004 3560 quia
1036 3497 1100 3541 rex
1125 3496 1294 3560 generum

342 3574 443 3644 suum
467 3578 571 3643 nullis
597 3579 673 3662 ejus
696 3578 808 3661 culpis
834 3576 1075 3662 injuriaverat,
1099 3577 1206 3641 filiam
1228 3577 1293 3640 ob·

340 3679 489 3757 sidebat,
505 3678 685 3744 ecclesiam
706 3680 819 3743 beatae
830 3677 898 3742 Dei
915 3677 1093 3760 genitricis
1106 3677 1149 3741 de
1160 3675 1291 3742 Lindo⁶

341 3779 456 3843 coliuo
481 3779 772 3843 incastellaverat.
824 3777 914 3855 Haec
932 3778 1056 3861 quanti
1080 3776 1172 3860 apud
1195 3796 1294 3845 men-

342 3885 412 3965 tem
434 3880 599 3963 principis
624 3898 699 3943 esse
716 3878 913 3943 debebantl
966 3876 1092 3942 Nonne
1108 3883 1292 3960 praestaret

342 3980 429 4043 mori
449 3986 483 4043 et
500 3980 649 4061 gloriose
671 3967 884 4056 occumbere,
899 3997 1002 4061 quam
1026 3985 1098 4042 tam
1119 3968 1290 4060 insignem

340 4070 583 4144 contumeliam
600 4080 699 4163 patil
738 4078 938 4144 Ulciscendi
956 4098 1038 4160 ergo
1055 4097 1161 4142 causa
1175 4078 1291 4142 Deum

339 4187 375 4244 et
400 4199 564 4257 sororem,
589 4181 759 4264 simulque
791 4179 1061 4245 necessitudines
1090 4197 1173 4243 suas
1203 4178 1294 4245 libc-

573 4438 597 4485 S
