2866 4868
320 447 386 512 490
537 456 651 506 euers
679 455 806 505 aucun
833 454 1046 505 sacrorum.
1124 440 1212 521 [un.
1229 453 1281 502 ιν.

323 616 469 700 hujusce
486 615 651 679 vocabuli
673 615 841 680 dedecore
859 610 990 693 'aduri
1004 616 1211 680 catervatim
1235 616 1283 679 ad

324 736 441 798 regem
467 715 659 792 confluunt,
690 723 727 779 et
750 716 985 781 invincibilem
1009 717 1201 780 exercitum
1226 715 1284 780 fa·

326 819 435 882 ciunt.
487 815 564 880 Nec
584 816 716 879 diutius
737 824 882 899 potuere
907 818 981 901 pati
1006 816 1172 900 oppidani
1193 819 1284 900 quin

328 937 366 981 se
390 916 586 994 traderent3
610 917 745 999 experti
768 918 959 1000 quamlibet
981 917 1143 994 nobilem,
1159 936 1287 1000 quam-

329 1019 414 1082 libet
443 1024 636 1080 consertam
669 1035 822 1094 manum,
849 1018 936 1081 nihil
968 1017 1135 1081 adversus
1164 1037 1284 1099 regem

331 1116 470 1199 Angliae
495 1136 599 1199 posse
620 1115 797 1198 proficere.
851 1117 941 1195 Odo,
969 1117 1120 1182 secundo
1144 1125 1286 1201 captus,

331 1227 499 1301 perpetuo
516 1216 680 1298 Angliam
705 1217 892 1302 abjuravit.
945 1218 1190 1282 Dunelmcnsis
1211 1220 1288 1301 epi-

332 1336 460 1400 scopus
490 1318 582 1381 ultro
611 1336 706 1380 mare
734 1319 918 1399 transivit;
954 1338 1057 1402 quem
1085 1339 1162 1396 rex,
1186 1339 1288 1382 vere-

334 1418 460 1481 cundia
481 1417 667 1500 praeteritae
685 1419 859 1495 amicitiae,
875 1419 1069 1483 indemnem
1085 1438 1210 1502 passus
1233 1426 1290 1483 est

335 1517 497 1600 effugere.
551 1516 678 1581 Caeteri
693 1538 811 1582 omnes
822 1520 858 1582 in
875 1520 977 1583 fidem
993 1520 1134 1602 recepti.
1187 1518 1290 1583 Inter

336 1617 400 1681 has
417 1618 604 1682 obsidionis
624 1637 751 1695 moras,
770 1618 927 1683 homines
942 1620 1035 1701 regis
1058 1638 1153 1684 mare
1171 1627 1291 1683 custo-

338 1718 484 1794 dientes,
521 1717 690 1800 quosdam
723 1738 812 1800 quos
842 1738 956 1784 comes
992 1718 1219 1783 Normanniae
1253 1721 1291 1783 in

340 1819 508 1881 auxilium
528 1818 737 1900 perfidorum
760 1819 913 1898 miserat,
936 1820 1065 1904 partim
1084 1819 1191 1898 caede,
1210 1840 1292 1902 par-

338 1919 400 1983 tim
426 1917 608 1999 naufragio
634 1937 857 2000 oppressere:
886 1919 1009 2002 reliqui
1032 1919 1151 2001 fugam
1174 1921 1292 1984 inten-

340 2018 461 2082 dentes
496 2027 532 2082 et
564 2019 773 2101 suspendere
803 2022 948 2085 carbasa
978 2021 1106 2096 conati,
1137 2040 1294 2103 moxque

340 2126 446 2182 vento
458 2127 616 2182 cessante
630 2119 800 2197 destituti,
814 2120 962 2184 ludibrio
976 2119 1116 2196 nostris,
1131 2121 1197 2183 sibi
1214 2123 1293 2184 exi·

341 2219 391 2283 tio
404 2217 519 2298 fuere3
536 2237 628 2294 nam,
643 2212 700 2282 ²ne
717 2218 788 2282 vivi
807 2229 1024 2304 caperentur,
1040 2240 1059 2284 e
1074 2221 1239 2285 transtris
1253 2241 1294 2286 se

340 2319 376 2381 in
392 2338 487 2381 mare
503 2319 776 2401 praecipitarunt.
894 2310 900 2321 ’

391 2511 439 2557 DE
462 2511 552 2558 Pacu
575 2510 686 2559 INTER
709 2512 938 2560 WlLlAELMUM
963 2511 1007 2559 ΕΤ
1030 2511 1241 2560 ROBER'I'UM.

181 2633 307 2733 mim
394 2618 412 2703 §
437 2619 514 2683 307.
541 2617 689 2684 Postero
711 2640 815 2696 anno,
832 2627 871 2683 ut
887 2619 986 2683 dolor
1007 2639 1143 2703 semper
1162 2627 1297 2685 retrac-

183 2737 235 2825 qqq
246 2736 331 2825 W
344 2720 476 2783 tatione
493 2721 633 2796 acescit,
647 2740 775 2802 magno
797 2720 964 2783 scrutinio
981 2740 1044 2783 rex
1060 2739 1165 2802 agere
1186 2722 1299 2804 coepit

205 2814 239 2824 ''
301 2813 306 2824 ’
345 2839 414 2901 qno
438 2820 540 2883 modo
562 2819 707 2903 injurias
727 2839 809 2883 suas
831 2821 942 2884 ultum
968 2821 1046 2898 iret,
1071 2828 1107 2885 et
1127 2820 1296 2884 vicariam

345 2919 445 2982 fratri
484 2920 725 2984 contumeliam
760 2919 912 2984 referret.
966 2919 1092 3002 Itaque
1123 2914 1297 2985 ³castrum

347 3020 460 3083 sancti
478 3019 656 3096 Walerici,
678 3029 714 3085 et
734 3028 872 3101 portum
886 3021 1049 3097 vicinum,
1072 3027 1108 3084 et
1130 3020 1297 3102 oppidum

346 3120 440 3202 quod
456 3117 659 3183 Albamarla
674 3128 831 3197 vocatur,
848 3120 1004 3184 sollertia
1019 3140 1083 3183 sua
1099 3121 1299 3203 acquisivit,

347 3221 493 3301 pecunia
514 3220 674 3283 custodes
696 3240 929 3303 corrumpens,
982 3219 1057 3284 Nec
1071 3220 1137 3284 fuit
1158 3222 1298 3286 animus

347 3321 465 3384 comiti
478 3328 517 3383 ut
533 3321 726 3398 resisteret;
745 3321 804 3384 sed
820 3321 958 3385 domino
972 3339 1035 3385 suo
1050 3321 1124 3402 regi
1137 3321 1299 3386 Franciae

346 3440 409 3503 per
424 3421 568 3484 nuncios
576 3421 775 3485 violentiam
794 3419 910 3484 fratris
928 3423 1102 3503 exposuit,
1118 3423 1299 3503 suppetias

348 3539 462 3585 orans,
526 3520 572 3584 Et
601 3521 660 3584 ille
692 3520 828 3602 quidem
855 3522 959 3598 inere,
992 3530 1028 3586 et
1059 3522 1299 3604 quotidianam

348 3621 521 3703 crapulam
542 3629 695 3697 ructans,
710 3621 753 3684 ad
768 3621 896 3685 bellum
922 3622 1128 3702 singultiens
1141 3623 1299 3704 ingluvie

347 3722 507 3785 veniebat
522 3741 530 3785 :
552 3720 611 3784 sed
627 3729 851 3786 occurrerunt
863 3741 990 3804 magna
1004 3722 1181 3804 pollicenti
1196 3743 1298 3787 num-

348 3822 394 3885 mi
427 3821 518 3904 regis
551 3819 716 3903 Angliae3
750 3823 875 3905 quibus
906 3823 1087 3901 infractae,
1119 3818 1299 3905 cingulum

385 4120 508 4187 Ι00000]
526 4123 559 4173 Α·
573 4124 600 4172 S·
613 4123 648 4173 D·
662 4124 693 4173 Ε·
706 4123 809 4184 1⁴⁰3⁰⁰⁸
868 4147 880 4180 ⁸
903 4151 1019 4198 Castrum
1046 4149 1125 4200 saneti
1154 4149 1299 4216 walerios]

347 4195 448 4255 tanc.

383 4261 394 4294 2
405 4264 466 4327 Na]
479 4264 512 4314 A·
521 4263 550 4313 S·
558 4265 592 4314 D·
604 4266 634 4314 Ε.
643 4265 673 4314 L·
684 4281 691 4326 ἱ
703 4279 770 4326 cum,
779 4266 808 4314 c·
833 4222 881 4272 See
892 4220 953 4270 Sar.
965 4220 1057 4270 Chron.
1069 4220 1140 4271 A.D.
1154 4224 1226 4271 1090.
1249 4292 1252 4296 .
