2866 4868
331 418 398 483 496
548 432 662 481 casm
687 433 814 481 ancum
838 432 1053 482 asotorum.
1133 417 1219 501 [nra.
1236 432 1289 481 ιν.

332 610 479 676 quorum
502 592 702 656 memoriam
725 600 787 658 aut
809 593 948 657 brevem
976 597 1037 655 aut
1059 589 1190 654 nullam
1208 609 1286 654 om-

332 692 414 755 nino
441 699 522 756 sunt
548 693 701 756 relicturi
724 694 761 756 in
785 693 915 770 seculo,
941 711 1005 757 nec
1026 692 1285 776 eleemosynam

332 791 483 856 habituri
513 793 549 856 in
581 790 678 857 Deo:
712 793 872 857 liberales
899 800 993 870 sunt,
1019 792 1080 877 qui
1105 798 1228 874 captos
1262 809 1286 854 a

331 891 552 974 praedonibus
578 893 762 971 redimunt,
778 900 840 957 aut
863 894 984 976 inopes
1000 892 1197 969 sublevant,
1219 897 1284 955 aut

331 1011 380 1056 aes
395 992 543 1058 alienum
564 993 753 1057 amicorum
775 994 980 1076 suscipiunt.
1032 992 1097 1056 Est
1110 1011 1194 1074 ergo
1209 991 1283 1055 lar·

331 1093 506 1174 giendum,
519 1093 579 1157 sed
595 1093 780 1175 diligenter
794 1100 830 1157 et
843 1093 1038 1172 moderate3
1056 1091 1173 1176 plures
1187 1091 1283 1155 enim

330 1193 539 1276 patrimonia
571 1212 636 1257 sua
669 1193 818 1257 effudere
849 1193 1044 1258 inconsulte
1075 1192 1281 1274 largiendo:

332 1286 429 1376 ¹quid
446 1312 528 1358 vero
540 1300 593 1357 est
605 1294 746 1358 stultius
763 1312 880 1378 quam,
894 1293 986 1377 quod
998 1293 1145 1357 libenter
1160 1292 1285 1372 facias,

330 1413 450 1458 curare
464 1413 507 1457 ne
520 1394 651 1459 diutius
666 1393 779 1458 facere
794 1395 932 1476 possisl
984 1392 1110 1476 Itaque
1125 1392 1281 1476 quidam,

329 1513 407 1557 oum
433 1514 502 1558 non
519 1494 672 1558 habeant
686 1496 778 1577 quod
793 1495 888 1571 dent,
910 1493 955 1559 ad
976 1494 1117 1577 rapinas
1134 1512 1281 1558 conver-

330 1600 470 1674 tuntur3
489 1594 670 1678 majusque
686 1595 802 1659 odium
820 1601 1054 1679 assequuntur
1071 1595 1116 1658 ab
1130 1592 1184 1657 his
1200 1593 1280 1678 qui-

329 1695 394 1757 bus
424 1694 597 1772 auferunt,
625 1714 729 1777 quam
758 1694 960 1758 beneficium
993 1696 1037 1758 ab
1072 1693 1126 1757 his
1153 1693 1281 1776 quibus

329 1795 574 1860 contulerunt:
608 1795 701 1878 quod
724 1794 803 1858 huic
826 1795 900 1878 regi
922 1794 1090 1860 accidisse
1111 1793 1281 1861 dolemus.

330 1894 493 1980 Namque
515 1896 729 1978 cumprimis
746 1894 854 1958 initiis
868 1895 967 1977 regni
983 1901 1076 1958 metu
1096 1894 1278 1958 turbarum

328 1996 454 2060 milites
478 2003 738 2078 congregasset,
753 1994 839 2058 nihil
860 1996 930 2059 illis
952 1994 1191 2076 denegandum
1212 2013 1279 2077 pu·

328 2096 437 2173 tabat,
453 2096 587 2179 majora
604 2096 640 2159 in
655 2095 809 2159 futurum
822 2095 1008 2178 pollicitus.
1051 2094 1178 2177 Itaque
1193 2094 1279 2176 quia

327 2204 491 2277 paternos
522 2196 704 2261 thesauros
732 2203 919 2260 evacuarat
944 2189 1120 2278 ²impigre,
1145 2202 1181 2258 et
1202 2214 1279 2259 mo·

326 2294 413 2359 dicae
431 2297 462 2359 ei
477 2297 660 2378 pensiones
684 2297 965 2373 numerabantur,
982 2295 1057 2380 jam
1081 2294 1280 2358 substantia

326 2395 519 2476 defecerat3
535 2397 594 2460 sed
613 2398 749 2461 animus
765 2396 937 2478 largiendi
951 2415 1020 2459 non
1037 2394 1168 2472 deerat,
1181 2395 1277 2480 quod

326 2515 391 2558 usu
407 2496 558 2560 donandi
570 2516 658 2579 pene
674 2496 711 2559 in
727 2505 888 2561 naturam
899 2502 1071 2561 verterat:
1095 2495 1198 2559 homo
1213 2495 1276 2577 qui

326 2597 475 2661 nesciret
496 2596 733 2680 cujuscunque
760 2598 810 2660 rei
843 2596 1025 2678 effringere
1047 2595 1196 2678 pretium
1217 2595 1277 2660 vel

324 2697 496 2760 aestimare
511 2698 765 2774 commercium,
780 2695 842 2760 sed
856 2697 912 2760 cui
927 2715 991 2780 pro
1006 2696 1105 2759 libito
1116 2694 1279 2760 venditor

324 2795 531 2861 distraheret
557 2798 828 2874 mercimonium,
855 2804 890 2861 et
915 2797 1014 2860 miles
1039 2796 1278 2879 pacisceretur

323 2897 545 2978 stipendium.
602 2897 765 2961 Vestium
790 2916 931 2961 suarum
962 2897 1112 2979 pretium
1141 2895 1178 2958 in
1210 2896 1276 2960 im·

323 3015 480 3061 mensum
500 2997 622 3062 extolli
635 2997 788 3074 volebat,
804 2997 995 3079 dedignans
1010 2997 1041 3060 si
1057 2995 1136 3080 quis
1154 2995 1276 3060 allevi-

323 3104 428 3162 asset.
475 3098 636 3180 Denique
657 3097 808 3180 quodam
823 3116 937 3174 mane,
951 3091 1046 3160 ³cum
1070 3096 1277 3160 calciaretur

323 3217 433 3262 novas
456 3198 601 3280 caligas,
624 3197 855 3279 interrogavit
880 3196 1127 3262 cubicularium
1153 3197 1278 3280 quanti

323 3299 584 3363 constitissent:
608 3317 687 3361 cum
709 3297 768 3361 ille
791 3298 1025 3380 respondisset
1038 3303 1109 3360 tres
1131 3296 1275 3376 solidos,

321 3398 601 3480 indignabundus
615 3404 651 3461 et
659 3397 819 3474 fremens,
832 3403 841 3431 ‘
855 3398 945 3476 Fili,’
962 3397 1023 3475 ait,
1040 3402 1050 3430 ‘
1063 3397 1251 3460 meretricis
1264 3398 1273 3463 l

321 3518 367 3561 ex
381 3518 450 3580 quo
468 3499 572 3563 habet
588 3518 652 3562 rex
666 3498 799 3580 caligas
814 3506 887 3562 tam
907 3497 1008 3562 exilis
1028 3497 1155 3580 pretiil
1172 3497 1274 3575 vade,

321 3605 357 3662 et
382 3598 466 3663 affer
487 3599 570 3663 mihi
597 3605 731 3681 emptas
755 3617 872 3663 marca
893 3598 1053 3680 argenti!
1106 3597 1179 3662 Ivit
1199 3597 1273 3676 ille,

320 3706 356 3762 et
388 3699 497 3763 multo
528 3699 669 3764 viliores
703 3698 861 3777 afferenS,
902 3697 1024 3782 quanti
1058 3705 1274 3781 praeceperat

321 3807 456 3881 emptas
474 3800 660 3864 ementitus
676 3805 738 3863 est.
774 3797 929 3882 ‘Atqui'
944 3799 1056 3883 inquit
1071 3818 1148 3876 rex,
1170 3798 1273 3862 ‘istae

355 4027 505 4087 ¹oouvero
517 4067 524 4081 ·
538 4031 780 4095 ..poemenem
843 4055 853 4086 ³
873 4056 1167 4120 conculcaremus,
1189 4056 1218 4107 ο.
1239 4056 1272 4105 Ε.

317 4100 507 4236 degffissngssglj
515 4106 591 4222 11458.
603 4172 639 4223 D·
646 4173 677 4222 L·
688 4189 695 4234 3
707 4173 780 4222 omit·
806 4128 937 4249 3·;D·cum
955 4144 1001 4191 pro
1019 4128 1092 4177 libito
1109 4127 1272 4190 calciaretur,

316 4242 360 4291 ted
371 4243 397 4292 in
411 4243 440 4293 C.
453 4243 485 4293 Ε.
