2866 4868
328 385 394 449 460
550 400 663 448 cnsrn
687 399 813 447 nncuu
837 395 1052 445 Anononun.
1117 378 1206 461 [mn.
1223 393 1284 442 ιιι.

331 555 476 633 faciunt,
501 557 657 620 exercitu
688 563 822 633 coacto,
847 553 1032 618 Franciam
1056 553 1202 618 infestus
1228 554 1285 617 in-

334 657 500 740 greditur.
545 656 672 721 Omnia
687 656 845 740 proterit,
859 663 984 719 cuncta
1002 653 1209 738 populatur3
1232 653 1287 717 ni-

335 758 384 822 hil
399 765 476 822 erat
490 758 582 839 quod
595 756 741 821 furentis
762 756 913 820 animum
933 755 1120 837 mitigaret,
1136 761 1177 819 ut
1191 753 1287 839 inju-

337 860 423 925 riam
437 858 624 922 insolenter
639 864 817 940 acceptam
829 856 1016 921 multorum
1030 854 1210 938 dispendio
1229 855 1286 919 ul-

337 960 532 1023 cisceretur.
578 957 760 1022 Postremo
791 956 995 1021 Medantum
1026 956 1202 1020 civitatem
1230 955 1288 1018 in-

333 1059 437 1143 jectis
461 1058 600 1141 ignibus
629 1058 806 1135 cremavit,
831 1058 1012 1121 combusta
1041 1056 1111 1119 illic
1140 1054 1289 1121 ecclesia

339 1166 468 1223 sanctae
493 1159 637 1238 Mariae;
657 1158 799 1222 reclusa
822 1176 893 1221 una
916 1157 1081 1234 ustulata,
1103 1175 1182 1238 quae
1208 1174 1289 1239 spe·

340 1259 443 1322 laeum
469 1278 570 1322 suum
597 1259 719 1322 necin
745 1257 808 1321 tali
832 1256 1036 1321 necessitate
1062 1255 1289 1320 deserendum

342 1358 506 1442 putavit;
546 1358 695 1422 fortunae
733 1376 851 1422 omnes
889 1356 1015 1421 civium
1053 1356 1289 1439 pessundatae.

180 1480 272 1521 norae
284 1478 315 1518 nr·
343 1457 424 1537 Quo
438 1478 600 1522 successu
613 1457 840 1536 exhilaratus
855 1456 936 1521 dum
952 1476 1033 1521 suos
1053 1456 1219 1520 audacius
1233 1457 1289 1520 in·

181 1542 237 1578 ¹¹⁰⁸*
342 1559 429 1623 citat
451 1567 492 1623 ut
514 1558 588 1641 igni
613 1558 779 1641 adjiciant
804 1556 944 1639 pabula,
967 1556 1109 1640 propius
1132 1556 1290 1620 flammas

343 1659 541 1738 succedens,
556 1658 624 1723 foci
646 1658 760 1723 calore
782 1664 818 1720 et
838 1656 1050 1720 autumnalis
1072 1663 1179 1722 aestus
1206 1657 1290 1720 inee-

343 1758 512 1843 qualitate
539 1760 696 1823 morbum
726 1764 849 1821 nactus
878 1764 942 1821 est.
994 1757 1125 1821 Dicunt
1149 1755 1292 1839 quidam

263 1885 277 1955 p
344 1859 436 1942 quod
461 1867 673 1942 praeruptam
695 1857 824 1922 fossam
852 1858 992 1940 sonipes
1017 1857 1215 1920 transiliens
1236 1857 1291 1920 in-

344 1967 487 2025 teranea
509 1960 653 2023 sessoris
673 1951 834 2041 ¹ruperit,
851 1957 943 2040 quod
956 1958 993 2020 in
1009 1957 1172 2021 anteriori
1192 1963 1294 2039 parte

344 2060 440 2123 sellae
454 2069 575 2124 venter
596 2058 855 2142 protuberabat.
907 2056 988 2121 Hoc
1007 2055 1125 2122 dolore
1149 2056 1293 2121 affectus

346 2161 499 2242 receptui
522 2159 594 2224 suis
616 2159 762 2238 ceeinit;
790 2156 1093 2240 Rotomagumque
1121 2176 1293 2234 reversus,

346 2266 520 2324 crescente
560 2258 670 2323 indies
710 2257 938 2335 incommodo,
975 2257 1065 2322 lecto
1108 2257 1294 2340 excipitur.

348 2358 508 2423 Consulti
532 2359 655 2423 medici
679 2359 892 2441 inspectione
917 2357 1025 2421 urinae
1048 2364 1179 2422 certam
1204 2377 1297 2421 mor-

348 2467 417 2523 tem
442 2459 646 2542 preedixere.
698 2458 778 2538 Quo
794 2458 912 2522 audito
929 2458 1142 2540 querimonia
1156 2455 1297 2522 domum

301 2587 303 2590 ⁴
348 2558 506 2642 replevit,
529 2559 620 2642 quod
644 2579 721 2625 eum
740 2565 998 2642 praeoccuparet
1018 2577 1111 2623 mors
1136 2558 1298 2624 emenda·

349 2660 477 2747 tionem
491 2660 573 2724 vitae
585 2659 791 2744 jamdudum
814 2658 1049 2722 meditantem.
1102 2657 1298 2741 Resnmpto

351 2758 478 2837 animo,
495 2779 573 2841 quae
589 2758 778 2824 Christiani
794 2766 876 2822 sunt
894 2767 1062 2823 executus
1084 2765 1138 2823 est
1155 2758 1193 2822 in
1215 2779 1299 2824 con-

352 2858 501 2923 fessione
514 2867 550 2924 et
565 2861 705 2924 viatico.
758 2858 1010 2923 Normanniam
1033 2859 1164 2923 invitus
1186 2864 1222 2922 et
1241 2879 1297 2923 co-

353 2971 451 3022 actus
477 2959 646 3038 Roberto,
669 2956 832 3040 Angliam
847 2958 1035 3036 willelmo,
1062 2959 1299 3041 possessiones

351 3066 526 3123 maternas
537 3058 692 3123 Henrico
702 3059 885 3141 delegavit.
922 3057 1071 3123 Vinctos
1084 3078 1166 3122 suos
1180 3078 1300 3123 omnes

304 3192 306 3196 ν
352 3158 451 3222 educi
474 3165 508 3224 et
534 3160 635 3238 solvi,
659 3159 841 3223 thesauros
863 3157 975 3222 efferri
998 3166 1035 3222 et
1056 3158 1209 3223 ecclesiis
1226 3158 1298 3223 dis·

351 3259 461 3341 pergi,
485 3261 660 3343 praecepit.
713 3258 854 3322 Certum
878 3278 1059 3322 numerum
1074 3259 1230 3341 pecuniae
1253 3259 1299 3324 ad

350 3360 603 3441 reparationem
629 3359 783 3424 ecclesiae
811 3378 923 3442 nuper
952 3366 1114 3422 crematae
1143 3361 1219 3442 ipse
1246 3360 1300 3422 in-

191 3469 338 3568 issssddiiir.
350 3457 449 3523 dixit.
495 3459 674 3538 Ordinatis
703 3480 786 3542 ergo
815 3460 902 3522 bene
931 3461 1045 3537 rebus,
1069 3467 1194 3524 octavo
1219 3458 1298 3523 idus

269 3547 274 3567 ’
351 3557 562 3641 Septembris
579 3560 737 3636 decessit,
754 3578 846 3622 anno
865 3559 963 3640 regni
976 3553 1156 3624 ²vicesimo
1175 3559 1299 3642 primo,

351 3659 536 3723 comitatus
550 3659 835 3742 quinquagesimo
851 3659 1013 3737 secundo,
1028 3659 1110 3724 vitae
1125 3660 1298 3741 quinqua·

351 3757 482 3838 gesimo
506 3779 611 3836 nono,
632 3759 823 3823 Dominicae
845 3758 1092 3824 incarnationis
1115 3760 1298 3824 millesimo

350 3859 562 3938 octogesimo
583 3859 741 3941 septimo.
795 3859 861 3922 Ille
883 3858 949 3923 fuit
971 3880 1166 3942 annusque
1182 3859 1299 3924 Gnuto

386 4125 392 4154 ¹
414 4130 540 4192 Ruprrit]
566 4133 636 4191 En,
664 4132 811 4193 disruperit,
870 4129 1013 4181 ²Vicesimo
1028 4133 1130 4197 prima]
1150 4135 1179 4184 C.
1199 4135 1230 4184 D.
1247 4136 1296 4196 Ε.;

348 4199 424 4249 A.S.
439 4202 467 4249 C.
480 4201 514 4249 D.
530 4203 582 4250 En.
596 4203 626 4251 L.
834 4203 1084 4266 vicesimosecundo,
1096 4204 1193 4255 Mi.
1287 4255 1288 4259 ,
