2866 4868
181 421 250 471 niu.
269 406 313 489 1.]
467 423 642 473 ursionis
664 424 843 474 novumn.
1066 410 1133 475 707

183 580 281 644 nulla
305 588 447 665 propter
465 583 630 667 praefatas
647 601 773 648 causas
795 582 944 647 dabatur
960 581 1132 653 facultas:

181 680 239 743 cui
253 681 415 746 nimirum
436 684 551 747 necin
568 681 733 764 Angiiam
749 684 868 747 venire
884 681 1028 748 liberum
1046 691 1133 760 erat,

182 779 262 858 nisi,
290 782 391 865 qnasi
416 782 619 848 desectionis
647 802 766 848 eorum
795 783 982 867 particeps,
1007 784 1133 848 mentis

183 898 257 945 suae
286 901 449 946 arcanam
472 881 517 946 ad
545 890 682 965 tempus
707 882 954 947 dissimularet.
1006 882 1135 965 Itaque

182 979 382 1064 homagium
404 983 479 1064 regi
494 982 577 1046 fecit
593 982 657 1046 sub
671 983 869 1053 conditione
884 983 1046 1065 quadam,
1066 983 1133 1047 sci-

182 1079 277 1157 licet,
292 1083 457 1163 quamdiu
473 1083 533 1146 ille
547 1082 751 1164 dignitatem
773 1101 872 1146 snam
898 1083 1033 1165 integre
1055 1102 1133 1146 cus·

183 1179 312 1245 todiret
325 1188 361 1245 et
374 1181 441 1246 sibi
457 1182 568 1265 pacta
579 1189 756 1262 servaret3
773 1189 931 1265 spectato
943 1184 1034 1246 enim
1043 1183 1135 1266 jam·

182 1277 314 1344 dudum
341 1280 435 1364 regis
468 1281 621 1364 ingenio,
653 1282 918 1348 instabilitatem
948 1282 1030 1347 fidei
1059 1282 1135 1367 ejus

183 1379 410 1461 praevidebat.

183 1567 234 1616 Du
255 1567 497 1619 sAcaAMErtro
514 1570 612 1630 QUOD
636 1570 713 1618 REX
730 1569 944 1619 STEPHANUS
967 1570 1071 1617 FECIT
1087 1570 1135 1618 DE

228 1668 423 1719 suavinus
437 1669 605 1720 tussim
621 1670 666 1717 ΕΤ
681 1670 901 1718 raivinsolis
918 1671 962 1717 ΕΤ
982 1669 1135 1719 LEGIBUS

190 1814 194 1819 .
229 1767 354 1817 auom.
712 1782 716 1791 ·

238 1874 257 1958 §
278 1876 334 1941 15.
357 1875 488 1941 Eodem
508 1895 612 1956 anno,
626 1897 697 1942 non
718 1877 829 1942 multo
849 1885 931 1961 post
947 1877 1135 1942 adventum

184 1975 334 2054 comitis,
368 1974 579 2060 jnraverunt
620 1978 774 2060 episcopi
815 1978 1017 2043 fidelitatem
1060 1977 1135 2059 regi

187 2075 354 2158 quamdiu
374 2075 435 2140 ille
456 2077 653 2141 libertatem
669 2077 824 2141 ecclesiae
845 2084 881 2142 et
895 2077 1050 2158 vigorem
1064 2077 1136 2141 dis·

187 2175 325 2258 ciplinae
346 2183 579 2241 conservaret.
632 2175 714 2259 Ipse
730 2195 869 2258 qnoque
881 2176 1015 2260 juravit
1028 2177 1136 2259 juxta

186 2281 343 2340 tenorem
372 2275 493 2358 scripti
523 2275 617 2359 quod
649 2276 699 2339 sic
730 2275 914 2339 habetur
904 2295 941 2338 in
966 2274 1134 2340 subditis·

187 2375 286 2457 ‘Ego
304 2374 513 2458 Stephanus,
531 2374 599 2439 Dei
620 2375 745 2457 gratia,
760 2393 909 2438 assensu
925 2375 1009 2441 cleri
1022 2383 1056 2439 et
1072 2395 1135 2457 po-
1121 2389 1184 2430 -st
1147 2388 1258 2481 ufphe⁰1¹3³

187 2474 302 2558 puli,
290 2494 328 2538 m
350 2494 468 2557 regem
481 2472 622 2556 Angliae
647 2474 790 2552 electus,
805 2481 842 2539 et
855 2494 878 2538 a
893 2473 1031 2540 domino
1045 2475 1136 2540 Wil

120 2644 124 2652 ,
188 2574 292 2639 lelmo
316 2573 575 2657 archiepiscopo
593 2572 794 2638 Cantuariae
815 2581 851 2638 et
872 2582 1004 2641 sanctae
1026 2576 1135 2639 eccle·

189 2673 252 2738 siae
269 2673 439 2738 Romana
453 2673 570 2756 legato
584 2680 817 2750 consecratus,
829 2681 864 2738 et
875 2675 919 2738 ab
929 2673 1135 2740 Innocentio

188 2780 321 2838 sanctae
338 2772 508 2838 Romanae
528 2773 621 2838 sedis
635 2772 797 2856 pontifice
812 2774 1032 2856 postmodum
1053 2793 1136 2839 con-

188 2873 531 2956 firmatus,respectu
554 2880 591 2938 et
616 2892 732 2937 amore
750 2873 818 2937 Dei
842 2880 1000 2938 sanctam
1026 2873 1135 2938 eccle-

188 2973 277 3038 siam
300 2973 442 3036 liberam
465 2992 541 3037 esse
568 2973 732 3050 concedo,
749 2980 785 3038 at
799 2972 953 3037 debitam
977 2993 1137 3038 reveren·

189 3073 275 3137 tiam
295 3072 347 3135 illi
368 3071 543 3136 confirmo.
596 3071 696 3136 Nihil
714 3091 770 3135 me
792 3072 830 3135 in
851 3073 1008 3147 ecclesia,
1024 3072 1080 3136 vel
1101 3073 1138 3135 in

188 3173 291 3237 rebus
314 3170 567 3249 ecclesiasticis,
589 3169 787 3254 symoniace
809 3172 966 3235 acturum
981 3171 1038 3236 vel
1059 3191 1137 3254 per·

190 3270 376 3336 missurum
394 3289 471 3335 esse
494 3270 668 3353 promitto.
720 3269 1041 3336 Ecclesiasticarum
1062 3291 1139 3353 per-

189 3389 355 3436 sonarum
374 3376 409 3434 et
431 3370 584 3434 omnium
599 3365 812 3447 clericorum,
828 3376 864 3434 et
878 3388 992 3433 rerum
1007 3389 1138 3447 eorum,

185 3470 362 3556 justitiam
393 3475 429 3533 ct
459 3475 680 3552 potestatem,
711 3475 747 3533 et
772 3469 1046 3532 distributionem
1079 3470 1140 3532 ho-

189 3589 312 3635 norum
344 3568 667 3645 ecclesiasticorum,
698 3566 735 3630 in
764 3587 870 3632 manu
900 3568 1139 3651 episcoporum

190 3689 267 3734 esse
299 3667 461 3751 perhibeo
492 3674 529 3731 et
557 3666 732 3732 confirmo.
798 3667 1000 3749 Dignitates
1029 3668 1138 3731 eccie-

190 3769 319 3833 siarum
332 3767 523 3850 privilegiis
547 3786 666 3830 earum
691 3765 923 3846 confirmatas,
940 3774 976 3832 et
996 3786 1140 3831 consue·

189 3867 328 3933 tudines
350 3886 470 3931 earum
486 3867 631 3950 antiqno
656 3873 776 3932 tenore
800 3867 951 3944 habitas
974 3865 1141 3931 inviolate

190 3987 330 4032 manere
346 3959 480 4031 ¹statuo
495 3973 531 4031 et
545 3965 723 4031 confirmo.
775 3966 905 4031 Omnes
918 3965 1140 4030 ecclesiarum

257 4205 267 4240 ¹
279 4207 368 4258 sam
378 4212 403 4257 et
412 4204 549 4277 suaficata]
567 4210 617 4272 E.;
633 4209 744 4260 concedo
755 4215 780 4260 et
790 4215 884 4275 statuo,
895 4211 924 4262 S.
938 4213 968 4262 G.
983 4209 1016 4261 b.
1028 4210 1082 4260 La.
