2866 4868
184 425 252 473 mn.
272 408 343 490 ιιι]
470 424 652 473 -msroain
674 425 852 475 Novanus.
945 409 952 419 “
1071 408 1137 476 749

184 592 266 668 post
283 582 420 648 Pascha
436 581 494 671 (ut
509 580 600 668 dixi)
618 583 748 648 fuerint
764 584 921 660 actitata,
939 570 997 649 vix
1012 588 1133 668 paucis

183 693 267 750 ante
286 684 516 749 Nativitatem
538 685 631 748 beati
646 684 670 748 J
673 683 820 748 ohannis
843 684 962 748 diebus
984 685 1133 768 impera-

185 786 306 849 tricem
331 786 533 867 reciperent.
586 784 759 868 Pleraque
781 792 864 849 tunc
889 804 970 867 pars
992 784 1132 867 Angliae

187 877 418 950 ¹dominatum
445 885 520 968 ejus
546 885 777 967 suspiciebat;
811 883 919 948 frater
951 885 1027 968 ejus
1060 886 1132 950 Ro·

184 986 304 1049 bertus
321 985 480 1048 assiduus
503 986 596 1049 circa
620 1003 696 1048 eam
720 984 877 1048 omnibus
893 985 1017 1068 quibus
1032 985 1132 1050 dece-

186 1086 249 1148 bat
272 1083 383 1148 modis
411 1084 486 1168 ejus
517 1085 664 1168 gloriam
699 1083 867 1162 exaltare,
889 1105 1048 1166 proceres
1073 1087 1133 1150 be-

186 1185 292 1266 nigne
330 1184 549 1266 appellando,
585 1184 696 1248 multa
732 1183 939 1266 pollicendo,
976 1185 1132 1250 diversas

186 1291 303 1367 partes
325 1284 381 1348 vel
403 1284 575 1362 terrendo,
599 1283 655 1347 vel
682 1284 787 1347 etiam
809 1303 872 1366 per
897 1285 1132 1352 internuncios

187 1384 232 1447 ad
255 1403 375 1467 pacem
398 1382 628 1461 sollicitando,
650 1383 724 1468 jam
743 1383 887 1468 Jamque
910 1385 946 1448 in
972 1387 1131 1449 omnibus

187 1485 344 1567 partibus
364 1485 574 1566 imperatrici
593 1484 789 1549 faventibus
806 1484 992 1568 justitiam,
1014 1492 1048 1549 et
1070 1506 1133 1571 pa·

186 1585 273 1648 trias
286 1584 394 1666 leges,
408 1592 443 1648 et
459 1604 580 1667 pacem
594 1583 820 1649 reformando.
872 1583 1034 1667 Satisque
1051 1605 1132 1651 con·

185 1691 259 1748 stat
273 1684 377 1767 quod,
390 1685 421 1748 si
438 1684 513 1767 ejus
527 1685 755 1749 moderationi
774 1690 810 1747 et
831 1685 1011 1765 sapientiae
1025 1705 1047 1749 a
1060 1688 1132 1750 suis

187 1791 278 1848 esset
295 1784 474 1862 creditum,
489 1805 559 1849 non
574 1792 646 1849 tam
666 1785 845 1849 sinistrum
864 1790 987 1866 postea
1006 1785 1133 1848 sensis-

188 1890 265 1947 sent
288 1884 374 1948 aleae
397 1903 528 1949 casum.
580 1882 714 1947 Aderat
744 1890 780 1948 et
806 1884 964 1947 dominus
994 1884 1132 1966 legatus

187 1984 320 2061 sedula,
335 1992 375 2049 ut
391 1983 585 2062 videbatur,
609 1983 677 2047 fide
696 1983 923 2065 imperatricis
944 1984 1133 2049 commodis

188 2091 328 2167 praesto.
379 2083 448 2147 Sed
484 2103 575 2162 ecce,
605 2084 687 2146 dum
723 2084 800 2165 ipsa
827 2089 1010 2166 putaretur
1039 2083 1133 2148 omni

189 2180 320 2265 Anglia
333 2184 451 2247 statim
465 2203 568 2267 posse
579 2183 695 2267 potiri,
708 2189 843 2247 mutata
860 2184 987 2246 omnia.
1040 2183 1133 2248 Lon·

188 2282 381 2362 donieuses,
397 2301 532 2367 semper
547 2284 712 2366 suspecti,
730 2289 765 2347 et
779 2284 872 2346 intra
886 2303 923 2346 se
938 2283 1133 2361 frementes,

184 2389 272 2448 tunc
299 2384 336 2447 in
367 2383 480 2466 aperti
512 2383 582 2448 odii
605 2403 724 2449 vocem
752 2388 961 2465 eruperunt3
997 2382 1132 2447 insidiis

188 2482 293 2547 etiam
308 2481 366 2570 (ut
379 2481 506 2569 fertur)
519 2483 693 2549 dominam
710 2483 854 2568 ejusque
869 2482 1011 2547 comites
1027 2502 1133 2566 appe-

182 2583 350 2647 tiverunt.
403 2583 541 2663 Quibus
554 2584 606 2647 illi
619 2583 841 2666 praecognitis
856 2590 893 2647 et
908 2584 1040 2663 vitatis,
1054 2603 1133 2647 sen·

187 2683 253 2748 sim
268 2684 342 2747 sine
355 2683 506 2749 tumultu
523 2684 672 2766 quadam
686 2683 828 2746 militari
848 2682 1031 2765 disciplina
1048 2684 1133 2746 urbe

184 2790 376 2847 cesserunt.
428 2783 594 2848 Comitati
617 2791 699 2847 sunt
713 2783 966 2864 imperatricem
983 2783 1133 2865 legatuS,
1207 2828 1209 2833 -

183 2890 223 2948 et
239 2902 301 2946 rex
317 2883 443 2947 Scotiae
455 2883 572 2947 David
586 2882 778 2947 avunculus
791 2881 945 2965 ejusdem
955 2883 1134 2964 viraginis,

185 2990 224 3048 et
250 2982 357 3047 frater
376 2983 451 3066 ejus
474 2982 662 3060 Robertus,
684 2983 721 3045 in
739 2981 897 3047 omnibus
920 2989 960 3045 ut
986 3000 1133 3063 semper,

185 3082 238 3148 sic
254 3089 290 3147 et
306 3089 400 3160 tunc,
418 3083 634 3147 fortunarum
653 3082 781 3146 sororis
803 3081 930 3157 socius,
957 3087 991 3144 et
1014 3078 1072 3167 (ut
1090 3081 1134 3145 de

188 3182 389 3265 compendio
414 3179 544 3262 dicam)
558 3183 707 3264 partium
723 3181 799 3265 ejus
819 3199 937 3244 omnes
960 3180 1004 3244 ad
1027 3200 1134 3243 unum

182 3283 389 3346 incolumes.
442 3282 713 3359 londonienses,
742 3281 883 3361 cognito
911 3299 1030 3343 eorum
1055 3281 1134 3344 abs·

188 3400 300 3459 cossu,
323 3383 360 3445 in
382 3381 532 3465 hospitia
554 3382 724 3458 involant,
749 3378 912 3464 quicquid
934 3399 1048 3443 rerum
1070 3399 1134 3461 pro

187 3481 410 3547 festinatione
425 3482 583 3547 relictum
598 3487 673 3547 erat
688 3480 904 3545 abradentes.

269 3673 319 3720 Dll
340 3671 537 3720 DISCORDIA
560 3670 822 3720 IMPERATRICIS
845 3671 889 3718 ET
912 3669 1056 3718 LEGATI.

1148 3749 1228 3789 Breacb
1237 3749 1273 3788 be·

183 3820 187 3830 ‚
239 3781 257 3866 ξ
271 3781 326 3846 49.
352 3779 427 3845 Nec
444 3781 563 3845 multis
574 3787 653 3863 post
670 3780 790 3844 diebus
812 3779 964 3842 surrexit
978 3777 1135 3842 simultas
1148 3799 1297 3901 {emim

188 3883 279 3946 inter
293 3882 449 3963 legatum
462 3887 498 3944 et
517 3881 782 3963 imperatricem,
799 3899 901 3962 quem
924 3897 1041 3942 casum
1056 3897 1136 3943 vere
1148 3902 1185 3942 ua
1194 3901 1268 3951 tegete.

225 4169 403 4221 ¹Domiactum
412 4171 464 4232 ejas
482 4171 648 4236 respiciebat]
675 4168 840 4232 suscipiebat,
872 4169 900 4225 S.
922 4167 977 4224 D.;
1005 4164 1138 4226 dignanter

188 4243 213 4290 E
221 4246 261 4302 1.;
278 4242 411 4304 dignanter
428 4243 584 4292 dominatum
593 4245 649 4306 eJus
675 4242 830 4291 dominatum
838 4241 894 4302 ejus
906 4235 1070 4298 suspiciebat,
1081 4232 1137 4282 Li.
