2866 4868
337 429 402 494 422
534 443 665 491 cesus
689 443 817 492 aucun
841 436 1056 495 nunnoaun.
1129 431 1216 512 [nra.
1236 443 1299 494 ιιι.

339 596 462 661 leviter
475 595 623 677 subegit,
638 593 756 660 divino
773 595 905 661 scilicet
919 596 1019 680 jutus
1036 594 1180 673 auxilio,
1196 593 1299 677 quod

340 716 422 781 pars
446 697 588 760 muralis
603 696 695 760 ultro
713 695 886 773 decidens,
902 697 1096 778 ingressum
1119 695 1170 760 illi
1191 702 1299 779 pato·

341 796 479 861 lecerit:
499 816 580 860 nam
595 802 631 860 et
646 796 720 879 ipse
737 795 901 860 audacius
919 816 995 860 eam
1010 796 1194 872 assilierat,
1209 814 1298 878 pro·

341 904 474 961 testans
507 897 661 960 homines
694 896 921 960 irreverentes
953 896 1020 960 Dei
1052 894 1299 960 destituendos

342 996 508 1078 suffragio
522 1017 531 1077 3
555 997 637 1079 quia
652 1016 742 1060 nnus
759 1017 890 1073 corum,
905 1015 1011 1078 supra
1027 1016 1162 1060 murum
1179 1003 1297 1073 stans,

343 1097 473 1161 nudato
489 1097 630 1178 inguine
647 1115 749 1161 auras
771 1097 887 1160 sonitu
907 1096 1079 1161 inferioris
1094 1095 1203 1179 partis
1217 1102 1298 1159 tur-

342 1198 499 1274 baverat,
518 1217 581 1279 pro
600 1203 801 1279 contemptu
814 1197 974 1262 videlicet
997 1197 1298 1260 Normannorum.

182 1316 304 1357 annon.
344 1290 569 1374 lEboracum,
589 1297 728 1361 unicum
751 1296 977 1361 rebellionum
993 1296 1190 1377 suffugium,
1206 1293 1297 1359 civi-

343 1398 408 1462 bus
425 1416 512 1479 pene
529 1396 669 1473 delevit,
685 1396 776 1461 same
791 1404 826 1461 et
841 1396 931 1460 ferro
955 1397 1107 1461 necatis:
1130 1393 1179 1459 ibi
1200 1394 1297 1458 enim

342 1483 406 1560 reu¹
428 1496 610 1562 Scotorum
632 1495 840 1561 M'alcolmus
865 1516 943 1561 cum
966 1497 1051 1575 suis,
1068 1495 1116 1560 ibi
1131 1494 1298 1577 Edgarus

342 1603 379 1661 et
394 1596 611 1661 Marcherins
637 1604 673 1661 et
689 1596 890 1661 Weldcofus
912 1615 988 1659 curn
1007 1594 1132 1678 Anglis
1158 1602 1194 1659 et
1216 1595 1296 1659 Da·

342 1697 408 1773 nis,
424 1696 542 1760 nidum
558 1697 753 1780 tyrannidis
768 1715 862 1778 saepe
876 1695 1061 1775 fovebant3
1078 1715 1172 1778 saepe
1187 1693 1296 1758 duces

341 1796 435 1861 illius
469 1797 701 1873 trucidabant,
729 1816 875 1878 quorum
906 1795 1085 1877 sigillatim
1113 1794 1230 1862 exitus
1261 1795 1296 1859 si

341 1916 666 1974 commemoravero,
681 1896 828 1961 fortasse
850 1895 1044 1979 superfluus
1067 1916 1137 1961 uon
1159 1915 1230 1972 ero,
1248 1894 1296 1958 li·

342 2003 398 2061 cet
414 1997 545 2061 fastidii
566 1997 750 2060 discrimen
772 1996 961 2072 immincat,
979 1995 1060 2059 dum
1082 1994 1235 2071 relatori,
1260 1995 1296 2058 si

342 2096 431 2160 forte
447 2097 634 2161 secundum
651 2097 801 2161 dictores
824 2115 906 2161 suos
932 2097 1131 2174 mentiatur,
1146 2093 1296 2161 difficilis

342 2197 389 2260 sit
404 2215 582 2278 regressus
597 2196 641 2260 ad
655 2195 803 2261 veniam.

368 2383 542 2443 QUOMODO
566 2384 761 2433 EBORAOUM
785 2385 950 2447 OEPERIT,
974 2386 1018 2432 ΕΤ
1040 2386 1161 2434 ΤΟΤΑΜ
1186 2386 1272 2434 PRO-

610 2484 763 2531 VlNOIAM
788 2484 1025 2534 VASTAVERIT.

179 2605 331 2646 suenorum
395 2591 511 2674 §242
536 2592 743 2657 Malcolmus
766 2612 884 2657 omnes
908 2591 1103 2676 Anglorum
1128 2592 1294 2676 perfugas

196 2656 292 2696 rovlnces

211 2706 304 2747 druto·
343 2691 490 2755 libenter
505 2693 705 2774 recipiebat,
719 2698 950 2758 tutamentum
965 2694 1111 2776 singulis
1125 2699 1295 2777 quantum

342 2798 481 2873 poterat
512 2792 735 2875 impendens3
773 2792 949 2875 Edgarum
977 2794 1162 2877 praecipue,
1192 2792 1295 2876 cujus

344 3041 388 3103 ing
410 3042 506 3102 Oxsord
528 3057 557 3092 as
582 3044 727 3106 containing
746 3043 807 3102 four
831 3058 909 3093 auras
931 3043 1052 3104 turbavit,
1070 3041 1097 3089 in
1122 3044 1294 3102 contemptum

344 3111 454 3160 hundred
470 3113 518 3160 and
533 3113 710 3177 twenty-eight
724 3114 808 3162 beares
831 3113 951 3162 videlicet
978 3114 1178 3162 Normannorum
1194 3127 1202 3171 ;
1224 3110 1294 3160 unde

344 3181 423 3230 which
434 3197 533 3231 weresc
547 3185 668 3232 descloted
683 3184 737 3232 ctat
752 3183 808 3247 tbey
832 3184 985 3232 willielmus
1013 3183 1040 3230 in
1061 3183 1124 3230 iram
1147 3194 1295 3243 conversus,

344 3253 414 3300 could
435 3257 478 3300 not
496 3267 545 3317 pay
565 3254 632 3315 gelli,
654 3253 695 3303 Sir
718 3254 808 3314 Heury
831 3254 959 3302 civitatem
979 3253 1032 3302 levi
1050 3252 1150 3313 negotio
1172 3251 1296 3313 subjuga·

345 3322 411 3370 Ellis
427 3323 558 3372 remarks:
583 3323 652 3372 ‘'l'he
669 3323 808 3375 extraordi·
831 3323 876 3372 vit.
894 3322 982 3388 (Matt.
998 3323 1061 3371 Par.
1082 3320 1123 3370 ed.
1135 3320 1228 3378 Watts,
1243 3321 1294 3369 sub

344 3407 408 3453 nary
419 3393 525 3441 number
539 3393 568 3441 of
579 3393 672 3442 houses
687 3394 808 3454 specified
831 3408 890 3442 ann.
908 3396 981 3454 1067,
1002 3407 1028 3453 p.
1046 3387 1116 3453 4.)”’
1149 3389 1203 3438 The
1223 3390 1295 3452 siege

345 3476 375 3510 as
392 3462 522 3511 desolated
538 3468 565 3511 at
580 3463 679 3512 Oxford
694 3464 807 3525 requires
832 3462 861 3510 of
873 3463 968 3511 Exetsr
982 3462 1009 3509 in
1028 3465 1091 3509 1067
1108 3461 1131 3509 is
1153 3459 1207 3508 also
1223 3474 1296 3509 men-

346 3532 516 3593 explanation.
546 3533 574 3580 If
592 3532 635 3581 the
653 3547 762 3594 passage
784 3535 807 3582 is
831 3533 916 3580 tioned
937 3533 972 3593 by
994 3532 1094 3580 Simeon
1119 3529 1148 3578 of
1166 3529 1295 3593 Durlmm,
1338 3540 1345 3553 ·

346 3607 451 3663 correct,
475 3602 600 3651 Matthew
624 3603 700 3651 Paris
718 3604 802 3664 proba·
832 3603 880 3652 col.
901 3606 948 3651 107
960 3616 968 3662 ;
997 3601 1131 3661 Hereden,
1154 3599 1202 3649 col.
1225 3603 1294 3664 2583

346 3670 391 3732 bly
402 3672 473 3733 gives
488 3687 520 3720 us
536 3672 579 3721 tbe
595 3686 673 3721 cause
684 3672 713 3721 os
720 3674 749 3735 it,
760 3688 807 3721 un·
831 3672 916 3732 Ralph
932 3672 964 3720 de
977 3671 1079 3733 Diceto,
1090 3670 1138 3720 col.
1149 3673 1214 3730 ‹182;
1232 3669 1292 3718 Flo-

346 3740 393 3789 der
413 3741 456 3788 the
478 3755 539 3802 year
559 3745 631 3803 1067,
649 3742 724 3791 when
743 3743 807 3791 wil·
829 3757 903 3791 reuce
914 3741 944 3790 ol
951 3740 1158 3803 Worcestenfol.
1175 3738 1292 3789 Francos.

344 3810 406 3859 liam
417 3810 459 3859 the
470 3809 616 3872 conqueror
626 3812 743 3861 subdued
753 3814 806 3862 Ox·
831 3816 904 3868 1601,
920 3827 946 3873 p.
958 3815 1005 3860 666
1018 3827 1025 3872 ;
1040 3810 1091 3860 and
1106 3811 1142 3871 by
1153 3809 1294 3860 Ordericus

339 3879 409 3943 ford,
427 3880 454 3927 in
472 3879 513 3930 his
522 3896 582 3941 way
591 3886 617 3930 to
628 3882 714 3931 York:
732 3882 806 3932 “Eo·
829 3882 931 3944 vitalis,
941 3898 968 3944 p.
979 3885 1036 3930 610.

345 3950 403 3998 dem
414 3954 525 4010 ternpore
543 3965 588 4000 rex
597 3951 750 4000 willielmus
761 3967 804 4001 ur-

345 4021 402 4069 bem
414 4019 539 4068 Oxoniam
551 4022 599 4070 sibi
610 4022 729 4070 rebellem
738 4023 804 4070 obsi·
865 4017 872 4047 ¹
894 4019 1049 4084 Eboracum]
1068 4021 1118 4080 E.;
1147 4019 1291 4067 Eboracum

344 4089 539 4140 dionevallavit.
574 4091 657 4152 Super
664 4093 738 4152 cujus
749 4107 804 4140 mu·
829 4089 965 4152 civitatem,
984 4090 1019 4140 A.
1032 4091 1060 4140 S.
1075 4092 1105 4139 C.
1117 4090 1152 4140 D.
1170 4087 1291 4138 L.-The

343 4173 399 4208 rum
421 4160 535 4223 quidam,
556 4165 626 4209 stans
647 4160 741 4211 nudato
764 4161 804 4209 in-
828 4159 983 4210 destruction
1001 4160 1031 4209 os
1045 4159 1116 4210 York
1137 4159 1198 4210 took
1217 4157 1291 4220 place

344 4230 430 4292 gulae,
457 4231 540 4280 sonitu
568 4231 648 4292 partis
679 4230 803 4280 interioris
827 4230 939 4282 inlusa.
