2866 4868
130 393 301 479 mann]
359 410 473 460 unsri
495 410 622 459 annun
646 409 861 460 annnorum
1014 394 1085 459 467Δ

131 567 262 653 ejectus
275 589 285 648 3
301 587 323 632 a
336 570 542 652 quibusdam
557 569 684 635 dicitur
699 588 721 633 a
738 569 872 634 civibus
887 570 924 633 in
940 569 1079 652 publico

131 668 234 752 epulo
257 669 471 735 interfectus
523 671 693 735 Veritatis
722 691 806 752 ergo
833 670 959 735 notitia
983 669 1079 734 labat

130 770 167 832 in
193 769 309 848 dubio,
333 770 414 837 licet
435 778 557 836 neuter
577 791 695 835 eorum
718 771 865 836 defuerit
884 770 985 834 famae
1004 790 1078 834 suae

129 870 335 952 patrocinio.

183 969 201 1053 §
214 969 301 1035 288
316 970 386 1034 Illa
401 970 468 1035 fuit
488 978 677 1054 tempestas
692 991 762 1054 qua
776 971 921 1036 Henrici
935 969 995 1058 (de
1009 991 1078 1053 quo
1091 998 1221 1049 conamina

129 1069 221 1134 inter
243 1078 344 1152 gesta
364 1070 532 1137 Willelmi
553 1073 691 1136 locutus
713 1069 806 1157 sum)
827 1072 1022 1137 miserabile
1044 1079 1080 1135 et
1090 1049 1220 1150 iiinssii‘?
1219 1061 1231 1090 ¹

131 1190 220 1252 pene
240 1171 416 1237 funestum
437 1191 499 1255 per
515 1172 768 1256 quinquaginta
783 1192 893 1237 annos
911 1170 1078 1237 Alaman-

132 1271 191 1335 nia
216 1272 385 1354 ingemuit
410 1271 603 1355 imperium.
655 1273 743 1338 Erat
768 1273 799 1338 is
828 1293 941 1356 neque
962 1273 1079 1337 ineru-

131 1370 225 1436 ditus
247 1392 360 1455 neque
380 1373 542 1455 ignavuS,
572 1372 634 1436 sed
661 1372 735 1439 fato
763 1375 913 1456 quodam
937 1374 982 1437 ab
1005 1393 1079 1438 om-

131 1473 233 1537 nibus
246 1473 298 1538 ita
311 1473 503 1556 impetitus,
518 1481 642 1538 utrem
655 1474 832 1556 religionis
846 1482 997 1540 tractare
1013 1474 1079 1539 sibi
1124 1502 1127 1509 ¹

132 1573 310 1638 videretur
337 1574 492 1658 quisquis
526 1574 564 1638 in
598 1574 696 1637 illum
732 1594 829 1638 arma
863 1575 1077 1658 produceret.

134 1672 299 1739 Habebat
329 1675 419 1738 filios
449 1674 548 1753 duos,
574 1673 771 1738 Conradum
799 1682 835 1740 et
865 1675 1079 1740 Henricum:

132 1775 228 1856 prior
250 1774 336 1838 nihil
356 1775 499 1858 impium
521 1781 643 1839 contra
659 1783 836 1857 parentem
858 1794 976 1853 ausus,
999 1777 1080 1839 sub·

128 1873 254 1957 jugata
286 1875 404 1952 ltalia,
436 1876 529 1959 apud
552 1872 713 1939 Aretium
743 1876 919 1940 civitatem
942 1876 1080 1940 Tusciae

133 1975 207 2038 dies
234 1976 456 2058 expleverat:
481 1976 568 2040 alter
592 1982 737 2058 patrem,
760 1976 1014 2058 aliquantulum
1036 1977 1080 2040 ab

133 2077 287 2141 externis
302 2075 475 2154 feriatum,
490 2077 601 2159 primo
615 2075 682 2139 aevi
696 2077 867 2158 tyrocinio
882 2095 1079 2158 aggressus,

23 2176 26 2185 '
133 2176 253 2240 cedere
267 2176 411 2259 imperio
425 2177 610 2259 compulit;
633 2195 697 2239 nec
709 2177 819 2242 multo
834 2184 925 2259 post,
940 2176 1081 2241 defunc-

133 2283 207 2340 tum
231 2277 467 2359 imperialibus
492 2276 622 2340 inferiis
648 2277 783 2341 extulit.
836 2277 937 2342 Vivit
956 2277 1080 2355 adhuc,

134 2377 288 2461 ejusdem
312 2378 494 2442 sententiae
523 2376 747 2460 pertinaciter
770 2397 904 2460 sequax
926 2397 989 2460 pro
1012 2396 1081 2459 qua

133 2485 267 2560 patrem
282 2478 557 2562 persequendum
578 2483 782 2560 putaverat:
806 2497 887 2542 nam
909 2485 945 2542 et
965 2477 1081 2541 inves-

133 2578 275 2642 tituram
292 2578 515 2643 ecclesiarum
535 2597 597 2661 per
610 2577 772 2642 baculum
788 2585 823 2642 et
837 2577 1009 2652 annulum,
1019 2578 1080 2641 do·

134 2684 206 2756 nat,
221 2685 257 2742 et
269 2678 344 2743 sine
366 2698 430 2743 suo
446 2679 616 2743 arbitratu
631 2697 756 2761 papam
769 2679 917 2743 electum
940 2697 1009 2741 non
1032 2678 1081 2742 le-

133 2779 291 2861 gitimum
306 2780 477 2859 aestimat;
493 2778 574 2843 licet
587 2778 760 2856 Calixtus,
776 2771 848 2862 ¹qui
864 2777 966 2842 modo
979 2797 1081 2861 apos·

134 2878 248 2943 tolicae
272 2879 347 2943 sedi
367 2879 542 2962 praesidet,
558 2879 776 2943 immodicam
791 2878 857 2942 viri
880 2878 1081 2942 aviditatem

133 2980 272 3062 egregie
292 2980 491 3044 inhibuerit.
543 2976 675 3042 Verum
690 2979 733 3042 de
752 2978 805 3043 his
823 2979 924 3061 plura
937 2998 992 3041 me
1008 2978 1080 3042 dic-

133 3085 249 3144 turum
270 3079 379 3145 lector
392 3079 624 3163 praestoletur,
644 3098 722 3144 cum
744 3079 849 3144 series
871 3079 1081 3144 narrationis

132 3181 328 3263 expetierit.

186 3279 204 3364 ξ
217 3279 294 3344 289.
319 3281 430 3347 Porro
451 3279 690 3346 Hildebrando
704 3274 796 3363 papa
811 3276 869 3365 (ut
884 3275 974 3365 dixi)
989 3298 1080 3343 mor·
1092 3292 1234 3384 ,⁰⁰¹¹‘⁸⁸{;¹*

134 3387 208 3460 tuo,
231 3387 267 3445 et
282 3381 426 3446 Urbano
445 3401 468 3446 a
490 3381 721 3446 cardinalibus
745 3379 868 3457 electo,
892 3381 1081 3463 imperator
1091 3354 1241 3485 teffssrffl

135 3480 237 3545 haesit
252 3482 290 3545 in
304 3483 482 3565 proposito
503 3488 543 3544 ut
558 3481 754 3547 Wibertum
775 3479 953 3562 praeferret
966 3488 1002 3544 et
1017 3501 1079 3563 pa·
1133 3456 1173 3496 Μ’
1236 3472 1241 3485 ’

135 3601 215 3665 pam
244 3581 430 3660 dictitaret,
458 3581 663 3664 Romaeque,
696 3580 805 3644 altero
838 3580 996 3662 expulso,
1025 3581 1080 3645 in-

136 3681 263 3747 ferret:
287 3683 347 3747 sed
372 3680 516 3766 aequiori
539 3679 598 3768 (ut
623 3677 822 3767 videbatur)
847 3699 961 3744 causae
984 3680 1081 3745 affuit

135 3782 259 3848 militia
274 3777 451 3848 ²Matildis
469 3782 643 3860 Marcisae,
658 3801 736 3864 quae
753 3781 863 3846 oblita
877 3800 996 3860 sexus,
1018 3801 1081 3846 nec

171 3983 180 4016 ¹
190 3986 241 4043 Qui
251 3987 319 4035 modo
328 3985 463 4050 apostolicae
473 3988 526 4036 aedi
532 4001 598 4050 proe·
657 3947 794 3999 'Mam
809 3949 946 4014 Marm]
963 3951 1013 3999 She
1026 3963 1082 3999 W

133 4058 219 4121 Met]
234 4056 352 4107 calixtus
363 4059 465 4108 became
483 4072 549 4119 pope
566 4071 597 4106 on
621 4021 664 4070 the
681 4021 806 4084 daughter
826 4021 856 4070 of
874 4021 995 4070 Boniface
1012 4021 1082 4069 duke

133 4128 597 4250 3:⁶0n
621 4090 1084 4223 {abundarint

162 4214 176 4248 θ
258 4214 287 4249 01·
411 4215 435 4250 c,
513 4233 521 4250 ,

621 4234 690 4284 sions
701 4247 770 4296 upon
780 4232 823 4282 tbc
833 4232 893 4295 holy
903 4247 955 4283 see.
1070 4272 1073 4276 .
