2866 4868
184 414 252 462 ern.
267 399 319 480 v.]
416 415 531 465 csssrn
555 417 681 466 aucun
705 417 917 468 Ancuoauu.
1068 404 1134 470 663

184 572 221 636 in
237 573 413 656 speculam
435 582 581 653 erectas,
597 573 754 639 confudit
774 574 935 640 humanae
953 577 1056 641 sortis
1074 596 1132 643 va·

185 673 302 739 rietes.
354 672 518 757 Namque
539 674 671 740 indicto
690 676 727 738 in
743 671 907 756 Angliam
924 677 1049 755 reditu,
1070 698 1134 743 rex

187 773 252 837 sub
266 774 344 856 ipso
354 767 573 857 ¹crepusculo
586 775 734 858 septimo
751 773 919 839 kalendas
931 777 1133 842 Decembris
1147 803 1200 842 mv.
1210 805 1243 850 25,

188 873 281 955 apud
303 873 494 939 Barbeltlet
515 893 623 938 naves
646 874 774 954 solvit3
802 894 961 958 eumque,
989 878 1049 959 qui
1070 854 1267 940 im-“⁰'¹¹²⁰'

186 973 344 1056 pleverat
355 974 514 1052 carbasa,
528 981 654 1039 ventus
673 974 818 1039 feliciter
834 995 943 1058 regno
958 984 993 1041 et
1009 977 1134 1060 amplae
1231 1017 1235 1027 ·

188 1071 336 1137 fortunae
363 1074 510 1139 invexit.
568 1071 618 1139 At
640 1093 724 1138 vero
746 1074 1038 1155 adolescentulae,
1058 1077 1134 1161 jam

188 1173 421 1255 septendecim
433 1193 603 1239 armorum
620 1181 656 1239 et
670 1172 776 1257 paulo
792 1174 884 1257 plus,
901 1177 957 1240 cui
973 1176 1060 1240 nihil
1074 1177 1134 1240 de-

187 1271 346 1337 liciarum
367 1281 495 1357 praeter
510 1293 635 1338 nomen
654 1273 747 1355 regis
768 1293 832 1356 pro
852 1282 1000 1358 paterna
1021 1276 1136 1341 indul-

189 1373 309 1454 gentia
335 1373 483 1452 deesset,
508 1374 613 1438 aliam
632 1374 699 1438 sibi
721 1393 845 1439 navem
867 1376 983 1458 parari
1004 1395 1134 1459 praece·

189 1472 254 1556 pit,
268 1473 427 1538 omnibus
448 1493 537 1557 pene
559 1473 826 1538 adolescentulis
843 1494 1023 1557 procerum
1041 1475 1134 1555 filiis,

191 1574 292 1655 quasi
309 1594 373 1657 pro
388 1573 539 1638 colludio
556 1574 672 1638 aetatis
688 1573 843 1657 puerilis,
860 1595 902 1639 eo
924 1577 1134 1641 accurrenti-

192 1673 258 1737 bus
271 1693 281 1754 3
298 1674 384 1757 quin
400 1680 436 1738 et
450 1674 598 1756 remiges
613 1672 795 1738 immodice
808 1695 903 1739 mero
917 1676 1136 1758 ingurgitati,

189 1772 371 1856 voluptate
390 1774 531 1838 nautica
556 1792 660 1856 quam
683 1780 788 1855 potus
813 1774 1044 1854 ministrabat,
1061 1795 1135 1840 ma-

190 1878 269 1937 ture
289 1872 368 1937 illos
392 1875 453 1955 qui
477 1880 728 1956 praecesserant
760 1881 841 1957 post
864 1883 1000 1957 tergum
1031 1875 1135 1939 relin-

189 1973 346 2056 quendos
368 1973 605 2039 clamitabant.
657 1972 745 2037 Erat
759 1974 850 2036 enim
870 1975 968 2038 navis
992 1975 1135 2058 optima,

190 2073 358 2138 tabulatis
397 2073 498 2140 novis
537 2080 573 2138 et
611 2072 721 2136 clavis
757 2081 914 2138 recenter
944 2082 1134 2158 compacta.

189 2170 319 2256 Itaque
341 2192 436 2237 caeca
453 2172 529 2258 jam
552 2179 666 2251 nocte,
687 2171 855 2255 juventus
880 2175 1061 2256 sapientiae
1083 2175 1137 2238 in-

192 2271 287 2354 diga,
309 2273 480 2357 simulque
501 2279 587 2357 potu
609 2273 746 2351 obruta,
762 2291 886 2337 navem
901 2293 923 2336 a
937 2274 1054 2338 littore
1074 2275 1138 2338 im-

191 2372 338 2455 pellunt.
389 2371 500 2438 Volat
511 2371 573 2437 illa
585 2379 739 2455 pennata
759 2373 932 2455 pernicior
947 2374 1137 2454 arundine3

192 2479 240 2548 et,
264 2473 454 2556 crispantia
483 2473 589 2536 maris
616 2478 717 2554 terga
744 2472 881 2550 radens,
907 2473 1140 2556 imprudentia

193 2573 365 2637 ebriorum
379 2572 524 2655 impegit
539 2572 576 2635 in
589 2571 769 2655 scopulum
784 2592 853 2636 non
867 2572 971 2654 longe
986 2593 1009 2636 a
1023 2574 1139 2639 littore

191 2691 298 2755 supra
316 2672 462 2756 pelagus
479 2679 669 2736 extantem.
722 2670 947 2754 Consurgunt
969 2692 1053 2755 ergo
1075 2675 1139 2737 mi·

192 2773 273 2850 seri,
297 2779 333 2837 et
355 2792 482 2855 magno
509 2772 659 2836 clamore
680 2770 828 2835 ferratos
852 2780 974 2836 contos
996 2773 1139 2857 expedi-

192 2880 269 2950 unt,
292 2871 351 2935 diu
373 2879 547 2937 certantes
564 2880 605 2935 ut
621 2890 744 2935 navem
758 2889 780 2934 a
792 2891 878 2954 rupe
890 2873 1139 2955 propellerent;

193 2971 254 3036 sed
276 2971 468 3036 obsistebat
483 2971 635 3049 fortuna,
652 2989 772 3035 omnes
796 2991 915 3035 eorum
936 2983 1082 3036 conatus
1103 2975 1139 3036 in

193 3071 330 3136 irritum
344 3071 529 3135 deducens.
580 3071 707 3153 Itaque
721 3077 757 3134 et
771 3070 857 3134 remi
871 3070 907 3133 in
924 3090 1050 3135 saxum
1066 3066 1140 3137 ²ob-

194 3172 270 3235 nixi
285 3191 461 3254 crepuere,
475 3189 712 3252 conoussaque
725 3190 829 3253 prora
843 3169 1018 3253 pependit.
1041 3171 1065 3235 J
1068 3192 1141 3237 am-

194 3291 264 3355 que
285 3271 373 3336 alios
392 3270 494 3335 undis
511 3271 720 3353 exponebat,
738 3269 825 3334 alios
846 3271 1004 3351 ingressa
1017 3290 1080 3354 per
1094 3273 1140 3335 ri-

195 3390 270 3435 mas
287 3390 379 3455 aqua
395 3370 574 3448 enecabat,
587 3389 665 3433 cum
681 3369 795 3453 ejecta
807 3370 938 3452 scapha
947 3371 1039 3435 filius
1050 3373 1141 3454 regis

196 3472 389 3554 excipitur;
415 3471 614 3552 salvarique
636 3470 808 3552 potuisset
824 3469 869 3533 ad
885 3470 985 3535 littus
1007 3492 1141 3554 regres-

155 3632 160 3641 ,
195 3590 268 3649 sus,
283 3571 351 3635 nisi
374 3590 473 3635 soror
494 3569 571 3653 ejus
594 3568 713 3648 notha,
727 3570 905 3634 comitissa
922 3569 1081 3647 Perticae,
1104 3572 1141 3635 in

194 3671 318 3755 majori
333 3689 423 3736 nave
440 3690 517 3735 cum
530 3677 641 3734 morte
655 3669 804 3746 luctans,
821 3669 984 3734 foemineo
1006 3670 1141 3735 ululatu

194 3770 313 3836 fratris
332 3791 434 3854 opem
458 3769 690 3852 implorasset,
704 3788 747 3832 ne
763 3778 835 3833 tam
848 3769 952 3852 impie
977 3788 1015 3833 se
1036 3772 1140 3834 relin-

195 3878 328 3955 queret.
374 3870 453 3948 Ille,
468 3867 704 3933 misericordia
720 3868 900 3947 infractus,
918 3869 1066 3933 lembum
1082 3891 1140 3935 ca-

233 4099 422 4172 rcrepwt]
450 4105 479 4153 c·
496 4103 531 4153 D·
543 4104 576 4153 E·
587 4104 657 4161 Μή
702 4074 728 4157 ‘²
742 4077 836 4126 Oboiaei
856 4115 904 4128 ...
918 4080 1056 4143 pependit]
1072 4082 1143 4131 ‘Ob-

683 4148 737 4194 mxi
748 4163 878 4211 crepuere,
887 4150 1005 4210 illisaque
1016 4165 1090 4211 prora
1100 4167 1144 4213 pe-

195 4176 277 4226 noctis
287 4175 448 4237 crepusculo,
458 4173 492 4223 A.
505 4173 534 4224 S.
684 4217 790 4278 pendit..
805 4218 889 4285 (Vim
900 4220 956 4269 AEn¹
970 4233 994 4269 v,
1006 4217 1076 4284 200.)
