2866 4868
184 451 254 499 nm.
272 434 323 515 v.]
410 449 524 498 orsus
548 448 676 497 nacon
699 449 914 499 suenorum
1067 434 1133 499 639

184 607 283 671 miles
308 606 431 690 pennis
454 625 619 671 aucarum
645 606 704 669 ubi
725 605 889 671 desinunt
910 607 1049 690 plumae,
1072 607 1133 671 sed

184 707 291 790 paulo
313 707 393 789 plus
423 725 575 789 grossae3
608 707 708 788 nigro
734 714 770 771 et
791 707 871 771 albo
897 707 999 790 quasi
1025 708 1132 772 inter·

184 807 315 871 tinctae.

236 905 255 990 ξ
278 903 355 968 410.
380 902 474 968 Illud
497 911 626 988 praeter
653 912 781 969 caetera
811 903 1003 970 Henricum
1024 905 1133 988 insig-

187 1005 316 1082 niebat,
333 1004 437 1086 quod,
455 1005 614 1086 quamvis
625 1024 688 1087 pro
703 1003 906 1069 tumultibus
921 1005 1134 1070 Normanni·

187 1105 238 1169 cis
256 1123 349 1186 saepe
365 1108 400 1167 et
414 1103 473 1166 diu
490 1123 598 1186 regno
623 1122 688 1167 suo
702 1103 848 1182 deesset,
863 1103 914 1167 ita
930 1106 1053 1169 timore
1070 1124 1134 1169 suo

187 1203 332 1268 rebelles
346 1203 528 1281 fraenabat,
541 1210 581 1267 ut
597 1202 682 1266 nihil
695 1203 791 1285 pacis
802 1204 838 1266 in
853 1202 984 1286 Anglia
1000 1203 1134 1267 deside-

187 1322 302 1384 rares3
326 1303 490 1386 quocirca
508 1303 613 1366 etiam
633 1309 763 1367 exterae
788 1310 909 1384 gentes
929 1303 1025 1381 illuc,
1038 1303 1134 1368 velut

186 1402 233 1466 ad
247 1403 387 1467 unicum
402 1409 488 1466 tutae
503 1402 630 1484 quietis
646 1408 797 1484 portum,
817 1401 965 1467 libenter
982 1402 1135 1485 appelle·

188 1504 285 1567 bant.
336 1502 496 1584 Denique
513 1501 689 1565 Siwardus
704 1521 768 1566 rex
783 1500 1003 1579 Noricorum,
1022 1501 1134 1584 primo
1145 1515 1286 1606 approbas

188 1602 256 1667 aevi
289 1620 455 1683 processu
490 1600 689 1665 fortissimis
724 1599 962 1678 conferendus,
996 1578 1158 1683 incepto⁰
1197 1576 1272 1616 ‘'m''

186 1700 310 1766 itinere
329 1698 630 1783 lerosolymitano,
654 1707 846 1782 rogataque
871 1701 965 1783 regis
984 1720 1082 1783 pace,
1098 1700 1134 1763 in

188 1799 321 1882 Anglia
347 1807 423 1864 tota
443 1801 570 1864 resedit
589 1799 732 1883 hycme;
756 1800 972 1882 plurimoque
994 1819 1056 1882 per
1077 1819 1134 1863 ec·

188 1900 315 1964 clesias
331 1918 416 1963 auro
431 1919 596 1982 expenso,
617 1919 713 1977 mors,
730 1906 770 1962 ut
786 1899 963 1963 Favonius
981 1899 1025 1963 ad
1042 1919 1132 1962 sere·

189 2000 334 2064 nitatem
348 1999 464 2083 pelagi
477 2000 636 2064 vernales
651 2005 771 2081 portas
793 1999 940 2081 aperuit,
956 2017 1064 2063 naves
1080 2019 1135 2062 re·

189 2099 313 2182 petiit3
335 2107 589 2181 provectusque
599 2099 636 2161 in
652 2099 775 2176 altum,
788 2092 797 2130 ¹
810 2098 974 2182 Baleares
989 2097 1135 2176 insulas,

189 2217 269 2281 quaa
294 2197 466 2281 Majorica
488 2206 523 2262 et
545 2197 718 2262 Minorica
741 2199 914 2275 dicuntur,
937 2199 1042 2262 armis
1064 2204 1134 2260 ter·

189 2297 288 2375 ritas,
304 2296 475 2361 faciliores
492 2297 536 2361 ad
558 2297 785 2379 subigendum
801 2297 947 2380 praefato
959 2296 1136 2362 Willelmo

189 2396 233 2461 de
250 2395 373 2461 Monte
390 2394 537 2461 Pislerio
553 2397 704 2478 reliquit.
748 2397 836 2461 Inde
851 2396 1025 2479 pertendit
1039 2395 1136 2461 Iero-

190 2495 372 2579 solymam,
397 2497 545 2560 navibus
572 2496 730 2560 omnibus
755 2497 984 2561 incolumibus
1010 2503 1138 2579 praeter

190 2614 317 2675 unam3
339 2614 431 2678 quaa,
446 2596 527 2659 dum
548 2595 739 2659 retinacula
753 2615 776 2659 a
791 2603 895 2678 portu
916 2596 1050 2660 solvere
1065 2602 1137 2659 tar·

192 2694 265 2773 dat,
288 2695 455 2776 absorpta
478 2702 533 2758 est
555 2695 697 2758 immani
720 2696 888 2776 voragine
909 2694 1033 2782 (quam
1048 2696 1139 2758 intcr

192 2794 388 2877 Sequanica
401 2801 437 2858 et
454 2791 661 2876 Aquitanica
675 2794 795 2858 littora
812 2813 887 2859 esse
901 2788 1053 2858 ²Paulus
1067 2794 1138 2858 his·

191 2893 322 2958 toricus
352 2893 661 2975 Longobardorum
697 2890 905 2979 asseverat),
942 2902 1040 2959 tanto
1074 2913 1138 2956 un·

192 2992 314 3057 darum
341 2993 474 3074 impetu
498 3000 539 3056 ut
567 2994 611 3057 ad
637 2993 783 3075 triginta
807 2993 969 3057 milliaria
991 2993 1139 3074 garruli·

193 3093 667 3174 tasdiscematuraquarum.
719 3092 969 3176 lerosolymam
984 3092 1140 3171 veniens,

192 3191 325 3275 Tyrum
348 3197 384 3255 et
408 3190 582 3267 Sidonem,
609 3193 712 3255 urbes
740 3211 828 3272 quas
853 3210 948 3255 mare
970 3191 1139 3269 allambit,

192 3291 237 3355 ad
251 3290 525 3355 Christianitatis
547 3292 697 3372 gratiam
716 3291 861 3368 obsedit,
885 3291 1031 3373 effregit,
1056 3292 1140 3354 sub·

192 3391 276 3473 egit.
329 3390 470 3454 Mutato
497 3391 621 3454 itinere
644 3389 982 3473 Constantinopolim
1005 3391 1140 3471 ingres·

226 3597 387 3664 matema]
403 3598 437 3652 A.
455 3600 484 3651 S.
499 3602 528 3651 0.
545 3601 581 3651 D.
594 3602 652 3651 Ei.
677 3601 772 3662 empire
807 3601 842 3662 by
870 3599 1053 3661 Charlemagne
1084 3614 1140 3648 was

189 3670 241 3728 ·L.;
257 3670 439 3733 Belcarum,E
446 3674 470 3720 1.
676 3669 797 3720 founded.
850 3669 947 3731 Sharpe
974 3683 1043 3731 says,
1069 3669 1140 3718 ‘that

678 3740 853 3799 Malmesbury
864 3738 923 3787 here
934 3753 1015 3788 seems
1022 3742 1048 3787 to
1059 3738 1139 3799 imply

225 3805 340 3858 ’Paulus
350 3806 653 3870 historicusLongobordo-
676 3808 732 3857 that
749 3809 792 3857 the
808 3809 891 3857 vessel
909 3822 964 3857 was
985 3808 1034 3856 lost
1051 3809 1078 3855 in
1096 3807 1138 3857 the

189 3879 274 3942 runa]
302 3879 403 3926 Paulus
430 3877 572 3941 Diaconus,
599 3878 653 3928 also
677 3878 901 3936 Mediterranean3
928 3878 975 3925 but
998 3876 1023 3924 if
1042 3891 1079 3939 so,
1106 3876 1138 3926 he

191 3944 275 3998 called
285 3947 406 4009 Winfrid,
415 3961 471 3996 was
490 3952 616 4008 secretary
628 3953 653 3997 to
676 3947 878 3996 misunderstood
888 3947 988 3996 Paulus
999 3946 1139 4007 Diaconos,

191 4018 352 4079 Desiderius,
379 4017 429 4066 last
447 4017 476 4065 of
499 4017 542 4066 the
569 4019 653 4067 native
677 4016 735 4065 who
754 4017 776 4064 is
794 4017 920 4079 speaking
937 4016 966 4064 of
979 4016 1021 4064 the
1033 4017 1102 4065 Race
1113 4017 1142 4065 of

190 4088 292 4151 princes
312 4085 342 4135 of
360 4086 513 4148 Lomhardy.
553 4087 653 4137 Paulus
677 4086 825 4147 Alderney.'
840 4087 906 4135 Vide
918 4087 994 4135 Paul.
1006 4087 1081 4136 Diae.
1092 4086 1137 4135 lib.

191 4162 270 4208 wrote
288 4157 329 4206 bis
347 4156 455 4217 History
472 4156 502 4205 of
515 4156 557 4205 the
576 4156 652 4205 Lom-
677 4169 695 4205 1.
708 4171 731 4204 c.
742 4160 775 4216 ὃς
795 4170 836 4218 ap.
855 4156 989 4218 Muratori,
1008 4157 1067 4206 Ber.
1079 4157 1138 4205 ltal.

189 4227 276 4290 bards,
290 4226 317 4276 iu
339 4227 380 4275 six
400 4225 490 4288 books,
508 4226 593 4275 before
611 4226 653 4274 the
677 4226 770 4286 Soript.
781 4229 840 4274 tom.
852 4237 871 4275 ι.
