2866 4868
311 393 377 459 472
538 406 651 454 unsri
673 406 800 454 nncuu
821 403 1037 453 auouonuu.
1105 387 1190 468 [me.
1209 400 1266 450 ut.

316 567 568 631 Eboracensem
583 564 774 642 volutatur,
791 563 994 628 describam.
1048 561 1103 624 De
1125 578 1195 642 qua
1217 578 1270 635 re,

316 674 356 730 ut
372 667 474 749 plane
496 665 612 730 norint
629 665 772 747 posteri,
790 661 970 748 quidinde
992 660 1128 742 antiqui
1149 665 1270 741 patres

317 766 486 829 senserint
501 785 685 848 apponam.

319 1009 417 1066 QUOD
434 1005 554 1054 OMNES
569 1004 727 1052 EPISOOPI
752 1003 880 1050 Torius
904 999 1117 1049 BRl'l'ANNlAE
1134 998 1271 1047 ancul-

426 1107 592 1154 Episcopo
615 1103 858 1153 DOROBERNlAE
880 1100 1159 1150 SUBJIGIAN'I'UR.

403 1213 576 1300 Gregorius
594 1234 681 1296 papa
697 1210 872 1292 Augustino
890 1208 993 1293 primo
1017 1208 1193 1293 Auglorum

563 1311 790 1395 archiepiscopo
806 1311 1018 1374 Dorobernia.

373 1436 483 1520 §295
507 1436 606 1499 ‘Tua
620 1436 818 1499 fraternitas
836 1455 905 1498 non
920 1435 1034 1499 solum
1057 1452 1116 1496 eos
1138 1431 1274 1514 episco·
1330 1419 1333 1425 ’

322 1557 387 1621 pos
404 1557 491 1619 quos
513 1536 734 1611 ordinaverit,
753 1551 865 1617 neque
880 1535 943 1599 bos
958 1531 1195 1597 tantummodo
1213 1531 1275 1613 qui

323 1658 386 1721 per
397 1631 406 1668 ¹
416 1637 667 1700 Eboracensem
680 1636 877 1717 episcopum
893 1633 1022 1697 fuerint
1038 1631 1199 1708 ordinati,
1214 1630 1277 1694 sed

325 1738 429 1802 etiam
455 1756 573 1800 omnes
595 1735 786 1799 Britanniae
803 1734 1012 1809 sacerdoteS,
1026 1732 1174 1823 ¹habeat,
1197 1730 1276 1794 Deo

326 1838 476 1904 Domino
493 1843 612 1903 nostro
627 1835 650 1899 J
653 1854 714 1898 esu
733 1833 872 1898 Christo
889 1841 1042 1910 auctore,
1058 1830 1260 1915 subjectos’

419 2033 607 2121 Bonifacius
621 2036 713 2098 Justo
727 2033 955 2118 archiepiscopo
970 2031 1182 2096 Dorobernia.

379 2156 396 2240 ᾗ
423 2156 500 2220 296.
524 2155 649 2220 ‘Absit
675 2159 718 2220 ab
748 2158 842 2222 omni
863 2157 1061 2222 Christiano
1084 2167 1124 2223 ut
1147 2179 1191 2222 ex
1215 2158 1278 2223 illa

328 2256 469 2320 civitate
481 2256 699 2321 Dorobernia
713 2257 844 2338 aliquid
856 2259 1042 2335 minuatur,
1058 2260 1169 2322 autin
1183 2259 1281 2323 aliud

244 2442 246 2446 μ
329 2363 493 2432 mutetur,
520 2376 612 2419 nunc
642 2357 699 2421 vel
731 2357 857 2421 futuris
888 2359 1112 2440 temporibus
1146 2378 1225 2441 quae
1258 2376 1281 2421 a

330 2455 583 2538 praedecessore
603 2464 720 2520 nostro
742 2456 881 2521 domino
903 2476 996 2540 papa
1012 2457 1183 2540 Gregorio
1206 2466 1281 2522 sta-

332 2563 409 2619 tuta
425 2563 518 2631 sunt,
533 2576 673 2638 quoquo
689 2556 790 2619 modo
807 2576 861 2619 res
876 2557 1036 2621 humanae
1052 2564 1280 2640 quassantur:

333 2655 393 2719 sed
408 2657 520 2737 magis
535 2675 581 2718 ex
596 2656 804 2720 auctoritate
817 2657 912 2719 beati
930 2656 1027 2720 Petri
1044 2658 1282 2741 apostolorum

333 2756 499 2837 principis
520 2755 556 2817 id
575 2756 689 2838 ipsum
708 2756 948 2840 praecipientes
970 2756 1159 2833 firmamuS,
1182 2764 1222 2820 ut
1244 2757 1282 2819 in

335 2854 552 2918 Dorobernia
576 2856 718 2919 civitate
742 2875 877 2938 semper
899 2856 1133 2937 inposterum
1157 2863 1284 2920 metro·

334 2953 510 3037 politanus
536 2956 642 3017 totius
660 2956 852 3020 Britanniae
874 2955 971 3018 locus
995 2955 1184 3035 habeatur3
1209 2976 1283 3020 om-

335 3073 465 3136 nesque
498 3055 685 3135 provinciae
713 3056 811 3136 regni
842 3052 1048 3135 Anglorum,
1076 3063 1115 3119 ut
1146 3055 1284 3138 praefati

336 3155 405 3217 loci
418 3153 694 3236 metropolitanae
709 3154 864 3217 ecclesiae
879 3154 1119 3237 subjiciantur,
1131 3156 1284 3219 immuti-

336 3253 411 3317 lata
434 3261 469 3317 et
495 3261 664 3336 perpetua
687 3254 877 3317 stabilitate
902 3254 1127 3319 decernimus.
1180 3254 1285 3318 Hanc

338 3361 454 3419 autem
472 3353 665 3430 ecclesiam,
682 3360 803 3436 utpote
829 3354 1025 3436 specialiter
1040 3356 1286 3418 consistentem

339 3453 403 3516 sub
431 3459 605 3535 potestate
630 3461 665 3517 et
695 3452 840 3516 tuitione
869 3461 998 3517 sanctae
1030 3454 1199 3519 Romanae
1231 3473 1287 3517 ec-

339 3552 464 3628 clesiae,
488 3553 518 3614 si
543 3553 621 3634 quis
647 3559 792 3618 conatus
814 3552 916 3618 fuerit
938 3554 1150 3632 imminuere,
1184 3554 1285 3636 eique

339 3652 381 3716 de
404 3670 575 3716 concessae
601 3652 784 3734 potestatis
804 3652 884 3735 jure
907 3653 1070 3736 quicquid
1094 3653 1287 3730 abstulerit,

340 3749 474 3814 auferat
489 3770 567 3813 eum
586 3751 683 3814 Deus
706 3751 748 3815 de
769 3752 857 3816 libro
874 3753 969 3829 vitae,
984 3754 1141 3838 sciatque
1162 3771 1200 3816 se
1222 3753 1287 3816 sub

339 3850 569 3914 anathematis
582 3851 731 3915 vinculis
746 3869 821 3915 esse
838 3853 1023 3916 nodatum!

463 4163 471 4195 ¹
483 4165 677 4229 Eboruccnoem]
694 4165 728 4216 A.
739 4167 768 4217 S.
780 4167 815 4218 D.
827 4168 859 4218 E.
870 4184 877 4230 ;
895 4168 1028 4232 Eboracae‚
1041 4169 1070 4218 0.
1082 4168 1118 4219 D.
1130 4169 1162 4219 12.
