2866 4868
144 445 284 525 maa]
374 459 487 507 ursrn
511 457 637 505 aucun
662 457 873 506 nacionum
1031 443 1096 507 683

145 616 322 680 sedetiam
337 617 429 681 ultro
441 617 547 679 missa
558 609 756 680 ¹remittitis.
781 615 958 694 Quantum
971 615 1034 677 hoc
1049 616 1095 678 sit

145 717 213 780 isto
227 717 417 798 praesertim
435 724 602 798 tempore,
619 723 759 798 quantae
776 716 812 777 in
830 714 946 778 seculo
960 715 1093 794 gloriae,

144 824 284 898 quantae
299 817 390 898 apud
408 817 521 880 Deum
544 817 680 897 gratiae,
694 815 760 899 ipsi
780 823 872 878 certe
887 814 1091 894 intelligitis

146 915 258 979 Beata
273 922 327 978 est
342 916 460 998 igitur,
484 916 673 979 secundum
698 913 904 979 sententiam
920 913 1091 990 Platonis,

144 1015 339 1096 respublica
369 1015 469 1097 cujus
500 1022 613 1078 rector
641 1022 695 1077 ost
724 1012 961 1096 philosophus
993 1013 1091 1096 cujus

143 1114 303 1196 princeps
329 1133 399 1178 non
428 1114 623 1178 delectatur
651 1114 860 1177 muneribus.
915 1112 1023 1175 Plura
1048 1112 1091 1174 de

143 1214 271 1278 talibus
286 1214 445 1289 dicerem,
466 1214 532 1277 nisi
548 1221 584 1276 et
600 1213 750 1293 suspicio
765 1231 850 1275 meae
869 1210 1088 1288 adulationis,

143 1321 179 1377 et
193 1313 368 1377 laudanda
382 1313 551 1380 modestia
564 1312 671 1375 vestri
691 1311 832 1394 pudoris
849 1310 1088 1374 dicturientem

142 1412 329 1476 cohiberet.
396 1412 486 1476 Sane
515 1432 593 1493 quae
621 1410 693 1473 dixi
724 1431 793 1473 non
824 1411 1087 1491 praetermittere

141 1511 208 1575 suit
229 1511 423 1589 consilium,
439 1519 478 1574 ut
499 1531 562 1592 per
581 1510 729 1574 officium
752 1510 880 1590 linguae
898 1528 983 1572 meae
1008 1529 1088 1590 pro-

140 1611 232 1677 bitas
246 1619 364 1674 vestra
386 1618 543 1693 posteros
567 1631 634 1674 non
659 1610 779 1685 lateat,
798 1618 832 1672 et
855 1610 932 1691 ipsa
959 1609 1002 1672 de
1016 1610 1085 1672 vir-

140 1717 216 1774 tuto
232 1711 268 1773 in
283 1711 444 1774 virtutem
460 1710 625 1792 proficere
639 1708 837 1772 contendat.
883 1709 930 1772 Et
947 1709 1084 1789 quidem

134 1809 351 1893 jamdudum,
388 1809 592 1891 quibusdam
625 1808 923 1890 persuadentibus,
955 1807 1085 1871 ferebat

138 1910 274 1972 animus
296 1916 347 1985 ut,
364 1928 442 1989 quae
465 1907 707 1990 praetereunda
728 1928 797 1971 non
826 1914 997 1990 putarem,
1022 1927 1084 1988 per

137 2008 319 2072 succiduos
341 2027 475 2090 semper
497 2006 605 2072 anno's
629 2007 708 2070 huic
733 2008 829 2089 operi
853 2026 1081 2089 apponerem;

138 2107 198 2171 sed
226 2108 417 2172 consultius
438 2108 576 2172 videtur
603 2108 706 2171 alium
736 2106 779 2171 de
805 2107 933 2169 talibus
958 2106 1082 2169 librum

109 2242 116 2255 ·
136 2208 337 2290 procudere,
362 2225 465 2289 quam
489 2207 562 2290 jam
587 2206 746 2269 absoluto
771 2205 970 2288 frequenter
992 2225 1083 2269 nova

135 2308 284 2372 insuere.
348 2306 424 2371 Nec
455 2326 537 2371 vero
571 2307 753 2388 quisquam
786 2305 996 2386 superfluam
1028 2325 1082 2368 me

136 2425 277 2489 operam
299 2406 392 2471 dicat
408 2407 591 2483 insumere,
607 2406 636 2467 si
653 2404 834 2467 clarissimi
851 2405 1002 2484 omnium
1018 2424 1082 2468 sua

137 2513 241 2569 aetate
265 2525 386 2586 regum
406 2513 507 2589 gesta
529 2522 707 2588 propono:
731 2504 841 2567 multa
863 2504 953 2567 enim
977 2504 1079 2566 subli-

136 2605 249 2669 mitati
272 2605 348 2688 ejus
371 2624 448 2668 mea
468 2605 645 2668 humilitas
667 2603 779 2680 debet,
794 2611 829 2666 et
846 2602 958 2666 adbuc
981 2603 1081 2684 plura

136 2703 285 2782 debebit,
309 2712 359 2782 ut,
382 2705 411 2767 si
435 2704 521 2767 nihil
546 2703 640 2768 aliud
666 2710 769 2778 esset,
794 2702 886 2783 quod
912 2722 950 2765 se
975 2702 1079 2765 talem

135 2803 244 2866 filium
268 2804 393 2867 habere
416 2802 564 2885 gaudet3
598 2809 737 2865 namet
761 2801 843 2864 olim
871 2801 962 2865 felici
986 2811 1078 2865 sorte

134 2910 344 2985 susceptum,
367 2922 435 2965 nou
453 2901 697 2983 perfunctorie,
713 2908 753 2964 ut
767 2900 869 2963 hodie
892 2901 1012 2977 claret,
1035 2901 1077 2963 li-

134 3003 218 3065 teris
232 3001 359 3064 erudiri
373 3002 549 3084 praecepit,
565 3009 645 3083 post
661 3001 766 3064 etiam
789 2999 1077 3082 amplissimarum

132 3101 388 3183 possessionum
404 3101 485 3164 fecit
502 3100 689 3175 dominum,
707 3118 799 3162 nunc
813 3107 987 3181 postremo
1000 3092 1075 3180 ²pa-

133 3201 237 3264 trium
267 3200 304 3264 in
331 3219 395 3264 vos
422 3199 569 3263 reclinat
596 3199 768 3262 affectum.
832 3199 886 3262 Sit
911 3219 994 3279 ergo
1021 3198 1076 3262 hic

88 3318 91 3325 ’
132 3300 229 3378 liber,
245 3308 285 3364 ut
298 3307 363 3377 est,
378 3305 504 3363 vestrae
520 3298 639 3380 gloriae
655 3298 812 3362 absolute
834 3306 1075 3377 consecratus3

131 3401 166 3463 in
182 3400 291 3464 altero
305 3399 371 3462 erit
387 3398 477 3462 idem
491 3398 586 3474 vitae,
610 3399 670 3478 qui
687 3399 881 3482 scripturae,
899 3399 1074 3460 terminus.

132 3498 234 3577 Quod
249 3505 418 3580 superest,
433 3517 557 3560 munus
574 3517 688 3560 meum
703 3498 888 3578 dignanter
900 3497 1076 3578 suscipite,

131 3605 171 3662 ut
193 3598 364 3680 gaudeam
392 3605 493 3678 grato
518 3597 709 3678 cognitoris
737 3596 892 3673 arbitrio,
917 3597 976 3677 qui
1006 3615 1076 3660 non

130 3697 244 3761 erravi
259 3696 409 3778 eligendi
427 3690 585 3779 ³judicio.

139 3928 592 4013 'jaemtttnta1as1223mn-
652 3955 662 3984 ³
672 3949 795 4022 Micio]
813 3953 847 4003 Α.
865 3954 893 4003 S·
911 3955 941 4002 G·
953 3953 1005 4014 „⁸3
1023 3955 1075 4003 cl.

126 4007 190 4061 Μ’
201 4001 236 4051 D·
249 4002 272 4048 Ε
280 4005 304 4049 ²·
616 4027 680 4075 adds
691 4027 699 4053 ‘
709 4026 775 4075 Haec
792 4025 881 4085 habui,
891 4024 990 4072 domine
1003 4038 1076 4072 vene-

162 4063 324 4135 ²Pnrtum.]
344 4067 378 4117 Α.
398 4069 431 4117 n.
445 4068 498 4115 aa
517 4067 586 4124 n2.;

126 4145 268 4202 paternum,
280 4140 309 4189 S,
323 4140 352 4187 (3,
617 4097 703 4145 rabilis
716 4096 816 4156 Comes,
828 4095 860 4142 de
873 4093 970 4155 gestis:
