2866 4868
182 388 340 468 1111111]
414 405 526 454 cnsrn
551 400 678 454 arcun
702 408 917 458 suanorum.
1067 391 1133 456 399

143 638 148 650 Ι
184 565 240 629 liae
257 565 422 647 Belgicae,
438 584 516 646 quae
534 572 587 629 est
605 566 695 630 inter
711 567 848 631 Renum
870 576 905 632 ot
923 566 1132 650 Sequanam,

183 665 385 748 praeficiens.
438 665 568 729 Eodem
596 666 698 731 modo
720 668 916 732 Willelmus
944 687 1037 744 suos,
1064 687 1134 749 qua

125 782 131 791 ¹
184 773 321 848 poterat
347 766 576 842 animositate,
606 765 736 845 divisit,
761 769 868 852 juxta
899 769 990 850 regis
1019 776 1134 831 castra

185 867 311 929 sensim
334 866 570 944 obambulans
589 870 753 953 quaejam
767 871 803 932 in
820 869 1020 933 Ebroicensi
1042 888 1134 950 pago

185 968 392 1043 metabatur,
408 974 448 1030 ut
463 986 524 1030 nec
547 969 701 1032 cominus
718 963 912 1052 ¹pugnandi
928 969 1062 1051 copiam
1084 967 1135 1031 fa·

186 1074 290 1145 66161,
315 1085 377 1129 nec
404 1067 616 1149 provinciam
643 1089 759 1134 coram
782 1090 818 1134 se
838 1070 968 1134 vastari
994 1070 1132 1133 sineret.

187 1167 304 1230 Duces
337 1167 425 1250 ejus
458 1167 632 1232 Robertus
667 1189 781 1234 comes
810 1168 993 1247 Aucensis,
1024 1168 1134 1250 Hugo

187 1266 432 1353 Gornacensis,
446 1267 554 1350 Hugo
565 1269 697 1334 Montis
710 1271 821 1349 fortis,
831 1270 1027 1335 Willelmus
1040 1269 1133 1333 Cris·

186 1368 298 1450 pinuS,
308 1367 353 1430 ad
369 1368 550 1432 castellum
559 1371 651 1451 quod
662 1364 860 1437 ²Mortuum
875 1390 970 1434 mare
979 1376 1134 1446 vocatur,

187 1467 321 1532 infestis
344 1467 452 1550 signis
480 1477 600 1534 contra
628 1470 783 1536 Odonem
809 1473 1005 1536 constitere.
1059 1469 1135 1533 Nec

185 1569 244 1632 ille
273 1587 335 1650 pro
365 1587 507 1633 numero
531 1571 691 1650 militum,
719 1593 788 1655 quo
810 1573 977 1649 tumebat,
1004 1589 1136 1634 moram

186 1687 312 1751 pugnae
330 1666 423 1745 fecit,
448 1670 508 1734 sed
528 1689 713 1754 parumper
736 1673 896 1736 resistere
920 1691 1037 1748 ausus,
1052 1690 1135 1734 mox

188 1769 353 1855 impetum
382 1767 663 1834 Normannorum
689 1793 758 1836 non
786 1772 910 1848 ferens,
939 1780 1039 1852 terga
1071 1790 1135 1833 nu·

188 1869 296 1944 davit,
329 1887 429 1931 omen
458 1868 550 1951 fugae
579 1872 710 1953 primus
732 1873 952 1954 auspicatus:
982 1869 1136 1934 ibidum

190 1968 305 2033 Guido
323 1965 464 2033 Pontivi
479 1990 593 2034 comes
612 1973 800 2037 studiosius
813 1972 936 2036 ultioni
951 1970 1068 2035 fratris
1082 1971 1135 2033 in-

189 2069 311 2147 tendit,
334 2077 470 2151 captus,
484 2070 624 2135 fatalem
650 2073 791 2138 familiae
816 2092 889 2136 suae
910 2090 1049 2134 manum
1073 2090 1135 2134 ex·

188 2169 344 2248 horruit3
368 2172 664 2255 praetereaplurcs
689 2173 761 2250 alii,
781 2173 1018 2255 praecellentes
1035 2163 1136 2252 ³ope-

189 2270 296 2347 ribus,
313 2277 493 2351 turgentes
510 2273 679 2356 majorum
693 2274 876 2337 natalibus.
929 2272 1036 2336 Hunc
1059 2290 1137 2335 suc·

190 2390 336 2447 cessum,
363 2389 407 2433 ex
433 2362 713 2438 *advenientibus
735 2375 924 2455 cognitum,
939 2372 1136 2437 Willelmus

190 2471 318 2534 circum
331 2472 423 2552 regis
440 2474 591 2537 tentoria
606 2482 705 2539 nocte
718 2475 926 2557 intempesta
945 2471 1138 2556 praeconari

190 2572 345 2650 curavit3
378 2591 447 2653 quo
470 2572 601 2651 audito,
629 2583 710 2658 post
735 2575 868 2658 aliquot
892 2575 966 2638 dies
990 2593 1078 2656 quos
1100 2573 1136 2635 in

193 2671 411 2735 Normannia
423 2674 506 2753 egit,
521 2673 648 2756 refugit
667 2676 703 2738 in
722 2675 924 2739 Franciam:
949 2694 1012 2737 nec
1029 2673 1138 2736 multo

192 2781 272 2854 post
293 2779 459 2853 tempore,
485 2773 755 2839 discurrentibus
780 2776 963 2856 utrobique
990 2773 1137 2850 nunciis,

192 2872 335 2954 pacifice
366 2881 574 2937 conventum
596 2883 635 2940 ut
657 2876 744 2957 regii
766 2875 895 2958 captivi
917 2874 1137 2939 absolveren-

191 2978 260 3048 tur,
288 2992 401 3036 comes
432 2982 551 3056 erepta
581 2975 636 3039 vel
662 2977 837 3058 eripienda
866 2974 1028 3039 Martello
1058 2973 1138 3057 jure

192 3073 392 3137 vendicaret
408 3072 574 3155 legitimo.

244 3171 354 3255 §234
379 3173 536 3256 Longum
551 3182 652 3239 estet
670 3196 739 3240 non
760 3177 991 3240 necessarium
1015 3173 1141 3236 referre

192 3280 333 3352 quantae
348 3273 511 3338 intereos
526 3263 765 3340 contentiones
780 3284 927 3341 versatae
944 3282 1038 3351 sunt,
1053 3291 1140 3354 quo-

193 3371 295 3434 modo
310 3371 507 3436 Willelmus
529 3393 663 3456 semper
689 3377 898 3458 superiorem
924 3393 1063 3437 manum
1086 3392 1139 3435 re·

193 3471 323 3536 tulerit.
376 3470 470 3551 Quid
497 3474 587 3556 quod
616 3475 848 3540 inaestimabili
872 3474 1141 3559 praesumptione

193 3570 416 3651 fortitudinis,
440 3594 615 3656 nunquam
643 3577 769 3654 subito,
792 3597 856 3641 nec
886 3577 953 3640 nisi
980 3593 1141 3658 praenun-

197 3865 449 3988 L¹‚P“3M”{²'4}
463 3868 492 3919 ⁸·
506 3869 536 3918 ⁰·
550 3868 585 3916 D·
598 3869 622 3916 Ε
630 3871 654 3916 2·
715 3900 880 3965 rupetra]
897 3902 933 3952 o.
951 3902 1025 3961 n1.;
1042 3900 1144 3961 opibus,

221 3953 405 3999 .,pugnano,
450 3942 476 3985 l.
681 3973 845 4023 3⁸32an

231 4007 242 4039 ²
252 4010 378 4057 Mortuum
388 4008 475 4070 arara]
493 4008 546 4056 The
558 4007 656 4056 famous

195 4080 274 4128 battle
285 4078 314 4126 oi
322 4078 489 4126 Mortcrueris
500 4077 656 4126 lixedinthe
717 4110 727 4142 4
738 4106 953 4178 Advmientim]
980 4112 1010 4159 C·
1034 4111 1069 4160 D,
1093 4111 1142 4170 E.;

197 4148 622 4281 {ffialffifg'flffiggieztnerwlmr
632 4147 661 4195 οἱ
682 4183 885 4245 adventantibus,
895 4181 929 4232 A.
942 4183 971 4232 S.
984 4182 1015 4231 L.
