2866 4868
185 438 337 519 maru]
418 454 532 504 onera
557 454 683 503 nncuu
707 455 919 504 nncnonuu.
1073 440 1140 505 495

186 611 256 689 vit3
280 611 331 674 ita
344 611 379 674 in
397 610 472 694 ejus
489 611 606 676 furtim
629 620 750 695 pectus
764 613 852 676 vitia
873 633 937 696 pro
951 611 1139 675 virtutibus

188 713 374 793 serpebant
388 720 429 776 ut
448 712 641 776 discernere
657 713 826 795 nequiret.
879 713 950 777 Diu
966 711 1140 776 dubitavit

189 811 427 895 mundusque
450 813 589 877 tandem
604 821 775 895 vergeret,
792 832 860 895 quo
884 832 921 877 se
945 812 1139 889 inclinaret,

188 912 321 976 indoles
350 912 452 976 illius.
507 913 605 977 Inter
631 914 742 991 initia,
771 915 910 978 vivente
944 911 1140 977 Lanfranco

189 1012 459 1095 archiepiscopo,
491 1015 534 1077 ab
562 1015 654 1078 omni
683 1014 824 1077 crimine
851 1012 1070 1089 abhorrebat,
1101 1020 1141 1075 ut

189 1113 327 1176 unicum
361 1110 434 1177 fore
458 1134 578 1196 regum
606 1115 784 1197 speculum
813 1120 1032 1195 speraretur3
1070 1131 1139 1194 quo

188 1211 364 1290 defuncto,
387 1214 589 1296 aliquandiu
606 1215 741 1278 varium
764 1232 801 1276 se
827 1212 991 1295 praestitit
1014 1212 1140 1294 aequali

190 1313 289 1377 lance
315 1313 476 1378 vitiorum
503 1322 608 1397 atque
632 1315 820 1378 virtutum:
841 1313 915 1396 jam
939 1331 1033 1390 vcro,
1059 1332 1140 1394 pos·

190 1415 308 1477 tremis
328 1415 427 1477 annis
448 1408 633 1478 ¹b0norum
650 1415 789 1496 gelante
812 1412 940 1490 studio,
954 1413 1142 1476 incommo-

192 1512 313 1578 dorum
330 1507 448 1596 ²seges
469 1535 690 1580 succrescens
718 1514 873 1578 incaluit.
926 1512 973 1576 Et
992 1520 1069 1577 erat
1090 1514 1142 1577 ita

190 1613 342 1677 liberalis
369 1615 460 1696 quod
492 1615 670 1698 prodigus,
699 1615 750 1678 ita
778 1613 1021 1694 magnanimus
1048 1614 1141 1696 quod

191 1716 370 1796 superbus
384 1714 435 1779 ita
458 1734 599 1780 severus
616 1715 706 1796 quod
731 1733 855 1777 saevus.
909 1711 1030 1776 Liceat
1052 1713 1141 1776 enim

191 1814 287 1890 mibi,
309 1834 396 1898 pace
417 1815 611 1899 majestatis
630 1815 747 1896 regiae,
768 1833 886 1877 verum
913 1832 982 1875 non
1004 1812 1143 1876 occulu-

192 1913 280 1992 isse3
315 1915 398 1997 quia
420 1915 487 1978 iste
513 1916 634 1997 parum
660 1914 774 1978 Deum
799 1913 1032 1989 reverebatur,
1057 1913 1142 1977 nihil

192 2013 366 2078 homines:
395 2016 486 2097 quod
513 2015 736 2078 indiscretum
762 2013 791 2077 si
818 2013 895 2095 quis
923 2012 1050 2076 dixerit
1071 2033 1141 2076 non

192 2114 361 2196 peccabit,
384 2115 467 2197 quia
492 2134 513 2178 a
538 2115 754 2198 sapientibus
781 2113 930 2177 tenenda
954 2114 1000 2175 sit
1027 2113 1143 2177 mode-

193 2215 295 2292 ratio,
309 2222 349 2279 nt
362 2215 459 2279 Dens
479 2216 641 2280 timeatur
662 2215 754 2278 omni
774 2222 939 2296 tempore,
955 2213 1057 2277 homo
1079 2232 1142 2294 pro

195 2321 358 2397 tempore.
411 2315 497 2380 Erat
517 2317 547 2378 is
564 2315 648 2380 foris
664 2322 699 2379 et
720 2315 755 2377 in
774 2321 948 2377 conventu
966 2313 1141 2376 bominum

193 2416 325 2480 tumido
340 2415 438 2480 vultu
465 2422 612 2492 erectus,
629 2414 755 2479 minaci
771 2415 871 2478 oculo
889 2419 1061 2477 astantem
1079 2414 1138 2477 de-

193 2514 314 2595 figens,
329 2523 365 2580 et
387 2515 548 2580 affectato
570 2516 684 2596 rigore
706 2515 812 2578 feroci
829 2534 914 2578 voce
938 2513 1137 2595 colloquen-

195 2621 264 2677 tem
277 2615 499 2680 reverberans
513 2635 521 2694 ;
536 2612 705 2698 quantum
719 2613 907 2698 conjectari
922 2613 1036 2690 datur,
1046 2622 1139 2678 metu

192 2714 318 2796 inopiae
341 2722 376 2779 et
395 2715 541 2779 aliorum
567 2716 719 2798 perfidiae
743 2715 822 2797 plus
847 2714 945 2798 justo
972 2714 1077 2776 lucris
1103 2721 1139 2778 et

194 2814 372 2879 severitati
394 2814 541 2879 deditus.
593 2815 696 2879 lntus
712 2822 747 2879 et
761 2816 798 2877 in
812 2814 963 2878 triclinio
980 2833 1057 2877 cum
1071 2813 1141 2896 pri-

195 2915 297 2992 vatis,
327 2916 421 2979 omni
449 2909 610 2980 ³lenitate
642 2913 895 2991 accommodus,
924 2914 1035 2978 multa
1058 2915 1141 2997 joco

194 3016 430 3097 transigebat3
461 3015 691 3079 facetissimus
711 3035 848 3097 quoqne
869 3013 912 3076 de
934 3014 1052 3096 aliquo
1076 3033 1140 3078 suo

193 3135 374 3199 perperam
386 3115 480 3179 sacto
502 3117 695 3193 cavillator,
709 3123 749 3180 ut
767 3113 931 3179 invidiam
946 3114 1027 3178 facti
1051 3113 1140 3177 dilu-

194 3223 267 3280 cret
288 3223 323 3280 et
345 3215 390 3280 ad
410 3217 502 3280 sales
515 3217 727 3281 transferret.
779 3215 846 3279 Sed
868 3214 912 3277 de
933 3214 1142 3279 liberalitate

195 3314 355 3400 ejns'qua
370 3335 408 3380 se
424 3317 537 3399 ipsum
552 3315 705 3393 fallebat,
720 3322 801 3397 post
816 3314 920 3378 etiam
935 3314 978 3379 de
992 3316 1139 3391 caeteris,

194 3436 306 3480 sermo
328 3416 498 3498 prolixior
521 3417 597 3494 erit,
626 3424 665 3479 ut
695 3414 876 3481 ostendam
898 3420 1031 3497 quanta
1056 3416 1142 3479 vitia

193 3517 229 3579 in
242 3537 284 3581 eo
299 3518 363 3580 sub
378 3524 554 3599 praetextu
566 3517 733 3580 virtutum
748 3514 962 3597 pullularint.
1150 3522 1153 3526 ⁴

245 3617 356 3700 §313
380 3617 469 3681 Sunt
495 3617 584 3680 enim
611 3616 679 3680 duo
705 3615 844 3679 omnino
873 3616 1000 3696 genera
1026 3615 1141 3696 largo·
1152 3633 1303 3725 papulae

194 3736 294 3796 rum3
329 3716 430 3782 alteri
464 3717 611 3799 prodigi,
644 3717 744 3781 alteri
776 3715 935 3780 liberales
969 3713 1138 3779 dicuntur.
1169 3689 1199 3736 ‘y'

196 3815 339 3900 Prodigi
356 3825 449 3895 sunt,
464 3817 523 3900 qui
546 3818 581 3880 in
605 3837 647 3881 ea
670 3817 834 3900 pecunias
856 3835 937 3879 suas
962 3814 1141 3881 effundunt

230 4057 239 4088 ¹
251 4059 391 4109 Boiorum.
405 4093 412 4109 .
425 4095 432 4110 .
443 4054 570 4124 incaluit]
585 4059 613 4109 S.
624 4061 653 4108 C.
716 4054 727 4086 ²
740 4057 837 4120 Sagra]
856 4057 885 4107 S.
899 4059 928 4107 G.
946 4057 997 4119 E.;
1014 4072 1087 4123 seges
1104 4062 1142 4110 vel

194 4130 229 4180 D.
241 4131 290 4191 E.;
306 4130 374 4178 omni
393 4131 493 4192 gelante
509 4129 595 4179 studio
606 4130 655 4177 vir·
680 4128 809 4190 segnities,
821 4128 856 4177 D.

193 4205 287 4261 tntum,
296 4200 414 4249 vitiorum
426 4201 452 4248 in
463 4216 493 4251 eo
504 4200 573 4249 calor
583 4200 656 4249 effer·
716 4196 726 4225 ³
736 4197 870 4260 laenitate]
895 4197 930 4246 D.
954 4197 987 4246 E.
1010 4198 1056 4260 L.;
1081 4200 1143 4249 levi·

192 4271 257 4334 buit,
267 4268 301 4319 A.
313 4269 344 4320 L.
681 4269 736 4330 tati,
748 4270 792 4331 S.;
806 4266 914 4330 lenitati,
924 4267 958 4317 A.
973 4269 1002 4317 C.
