2866 4868
191 390 348 472 ms.1u.]
472 405 647 455 urseolus
669 406 865 455 novamn-
1072 391 1159 457 741·

186 566 298 644 randi,
324 565 418 630 dedit
446 584 483 630 se
508 564 707 630 discrimini.
760 565 925 632 Comitati
953 575 1035 632 sunt
1058 587 1136 632 eum

186 667 333 749 impigre
358 685 430 730 suae
453 665 607 730 fautores
629 667 753 748 partie,
769 686 916 750 quorum
934 675 1009 732 erat
1027 669 1137 752 major

188 767 486 831 exhaeredatorum
508 786 682 844 numerus
700 786 786 849 quos
801 767 837 829 in
852 774 996 831 martem
1013 787 1136 832 accen-

187 865 292 930 debat
309 886 422 931 rerum
445 867 650 930 amissarum
676 867 826 930 doloret
847 868 985 932 conscia
1001 869 1135 934 virtus:

187 967 347 1051 quamvis
371 974 445 1032 toto
468 967 602 1043 itinere,
625 965 717 1048 quod
745 967 962 1049 protenditur
989 966 1137 1033 aGloe-

187 1074 302 1131 cestra
318 1068 354 1130 in
370 1065 644 1139 Lindocolinum,
667 1066 740 1148 ipse
763 1066 887 1131 callide
909 1067 1136 1132 intentionem

186 1167 431 1245 dissimularet,
445 1166 650 1249 quibusdam
672 1167 875 1248 ambagibus
902 1174 1012 1232 totum
1035 1188 1136 1232 exer·

187 1268 295 1332 citum
310 1275 436 1350 praeter
453 1267 679 1349 paucissimos
695 1265 920 1348 suspendere.

211 1459 259 1504 DE
282 1457 406 1506 PUGNA
430 1457 576 1506 COMl'l'lS
599 1458 837 1507 GLOECESTRAE
862 1459 905 1505 ΕΤ
928 1459 1108 1508 ΟΑΡΤΙΟΝΕ

604 1558 719 1606 REGIS.

238 1665 331 1749 §dd
354 1665 509 1732 Ventum
533 1667 577 1731 ad
603 1687 800 1751 supremum
824 1668 900 1751 ipso
926 1668 981 1733 die
1007 1668 1267 1776 Purifi·,⁸,¹{·,‚¹¹⁴¹·

186 1767 334 1830 cationis
349 1768 557 1831 beatissimae
576 1767 712 1846 Mariae,
729 1767 772 1833 ad
788 1768 916 1832 flumen
932 1768 1024 1852 quod
1039 1771 1132 1834 inter
1145 1787 1271 1826 ocreatum

185 1865 273 1930 duos
305 1869 478 1931 exercitus
515 1868 783 1950 praeterfluebat,
814 1869 946 1933 Trenta
982 1872 1131 1949 nomine,
1144 1837 1262 1937 3ξὲἷῖῨί

185 1952 278 2049 quod
304 1974 340 2031 et
366 1976 445 2032 ortu
472 1987 549 2046 suo,
575 1975 610 2032 et
632 1969 828 2051 pluviarum
850 1969 1033 2052 profluvio,
1060 1978 1132 2034 tam

186 2085 350 2149 magnum
381 2066 495 2132 fuerat
523 2074 563 2132 ut
596 2068 794 2133 nullatenus
824 2069 914 2133 vado
948 2072 1132 2134 transitum

185 2168 366 2250 praeberet.
402 2168 492 2231 Tum
510 2167 646 2232 demum
663 2175 698 2232 et
708 2188 847 2251 genero,
859 2170 918 2252 qui
933 2189 1010 2232 cum
1026 2189 1132 2235 manu

186 2266 302 2331 valida
316 2275 524 2345 occurrerat,
542 2274 577 2332 et
592 2269 726 2333 caeteris
737 2287 824 2350 quos
839 2268 1053 2346 ductaverat,
1071 2270 1131 2334 de·

187 2374 308 2450 tegens
331 2369 494 2446 animum,
510 2368 576 2432 hoc
599 2369 664 2432 sibi
686 2369 900 2451 propositum
911 2369 986 2453 jam
1001 2370 1131 2434 dudum

187 2487 262 2533 esse
276 2467 414 2551 adjecit,
429 2468 521 2551 quod
537 2468 632 2532 nulla
643 2488 796 2552 unquam
809 2470 1016 2547 necessitate
1032 2478 1132 2553 terga

186 2574 358 2647 verteret;
381 2569 437 2632 vel
459 2569 672 2633 moriendum
686 2569 743 2633 vel
765 2568 968 2652 capiendum
991 2589 1078 2647 esse,
1101 2571 1132 2634 si

186 2687 255 2732 non
268 2667 421 2732 vicisset.
473 2668 617 2733 Cunctis
639 2670 747 2751 igitur
759 2671 850 2734 bona
863 2689 924 2754 spe
940 2671 1054 2752 ipsum
1068 2671 1136 2733 im·

186 2767 371 2850 plentibus,
384 2766 558 2854 (mirabile
580 2767 732 2853 auditu,)
746 2771 839 2834 illico
854 2771 935 2834 belli
949 2771 1133 2834 discrimen

185 2868 346 2946 initurus
361 2868 518 2951 praedicti
540 2870 766 2954 rapacitatem
784 2870 934 2934 fluminis
956 2891 1033 2934 cum
1059 2890 1133 2935 om-

184 2969 286 3032 uibus
300 2969 373 3032 suis
389 2969 504 3033 nando
523 2975 760 3051 transgressus
782 2976 846 3035 est.
896 2970 1032 3034 Tantus
1055 2978 1131 3035 erat

186 3069 303 3133 comiti
326 3068 428 3134 ardor
452 3069 556 3133 finem
584 3062 700 3132 lmalis
731 3068 918 3153 imponere,
946 3078 986 3134 ut
1011 3071 1131 3136 mallet

185 3169 308 3236 ultima
330 3169 480 3252 experiri
494 3188 598 3253 quam
620 3169 719 3251 regni
734 3170 966 3233 calamitatem
983 3169 1129 3234 ulterius

186 3269 366 3350 protendi:
390 3289 470 3333 nam
493 3278 528 3334 et
543 3289 606 3332 rex
621 3289 699 3334 cum
722 3269 903 3333 comitibus
920 3270 1133 3352 quampluri-

186 3369 264 3446 mis,
288 3376 324 3433 et
347 3389 418 3433 non
443 3370 546 3433 inerti
568 3370 716 3433 militum
742 3369 854 3451 copia,
879 3369 971 3433 bello
996 3388 1033 3433 se
1056 3371 1131 3433 ani·

185 3488 293 3546 mose,
317 3468 515 3534 intermissa
545 3468 734 3544 obsidione,
764 3469 949 3533 obtulerat.
1000 3469 1131 3534 Tenta-

186 3589 267 3633 vere
286 3569 397 3651 primo
421 3569 508 3652 regii
532 3567 727 3652 proludium
750 3588 877 3651 pugnae
897 3569 1022 3647 facere,
1039 3568 1131 3653 quod

186 3667 210 3732 J
212 3676 327 3733 ustam
342 3676 482 3748 vocant,
497 3670 579 3753 quia
594 3669 658 3732 tali
671 3669 773 3751 periti
788 3675 887 3732 erant
902 3676 995 3733 arte:
1020 3678 1057 3734 at
1072 3671 1132 3733 ubi

185 3768 348 3833 viderunt
364 3768 457 3852 quod
479 3769 691 3846 consulares,
707 3775 748 3832 ut
766 3769 818 3832 ita
834 3769 964 3832 dictum
986 3769 1044 3845 sit,
1062 3789 1131 3833 non

184 3868 314 3932 lanceis
331 3870 475 3946 eminus,
491 3868 552 3934 sed
564 3870 689 3951 gladiis
704 3869 858 3933 cominus
875 3889 944 3932 rem
960 3875 1131 3951 gererent,

186 3975 222 4035 et
236 3968 371 4034 infestis
387 3970 518 4035 viribus
533 3971 738 4055 vexillisque
760 3970 867 4033 aciem
882 3969 1035 4052 regalem
1053 3989 1130 4052 per-

407 4206 525 4273 muta]
543 4211 572 4260 s.
588 4211 623 4261 n.
640 4212 710 4273 m,
733 4212 873 4262 omittente
886 4214 917 4264 s.

984 4291 1006 4354 3
1021 4305 1041 4353 c
