2866 4868
176 798 229 837 al).
244 795 298 833 1094.

330 402 396 466 506
546 416 659 464 unsri
684 416 810 465 nneuu
834 415 1049 465 ancnonuu.
1134 398 1291 480 [marr.

336 575 494 659 plaustra
522 572 745 651 ducentibus3
778 592 840 635 nec
871 591 980 650 mora,
1010 571 1162 635 resoluto
1193 571 1291 654 gelu,

335 677 465 756 impetu
480 672 676 754 glacialium
692 679 885 736 crustarum
903 679 1025 754 pontes
1040 670 1182 735 effracti.

389 773 498 856 §322
522 771 676 854 Septimo
697 790 800 849 anno,
816 780 957 854 propter
975 773 1105 836 tributa
1120 790 1199 854 quae
1221 790 1290 834 rex

338 876 375 938 in
397 871 615 936 Normannia
641 872 774 952 positus
798 873 967 948 edixerat,
995 871 1208 953 agricultura
1229 870 1290 935 de-

339 973 444 1037 fecit:
468 991 538 1054 qua
563 971 755 1048 fatiscente,
778 970 885 1035 fames
911 971 1115 1053 evestigio;
1139 989 1181 1034 ea
1198 990 1289 1052 quo·

341 1093 408 1156 quc
425 1071 672 1146 invalescente,
689 1071 883 1136 mortalitas
897 1071 1075 1134 bominum
1089 1070 1291 1147 subsecuta,

341 1173 427 1236 adeo
453 1172 572 1234 crebra
596 1177 635 1234 ut
658 1169 792 1234 deesset
819 1169 993 1234 morituris
1018 1189 1113 1247 cura,
1141 1170 1291 1234 mortuis

342 1270 532 1353 sepultura.
585 1269 685 1333 Tunc
698 1271 803 1334 etiam
813 1270 997 1334 Walenses
1011 1269 1047 1333 in
1065 1268 1292 1334 Normannos

344 1370 489 1446 efferati,
503 1369 722 1433 cestrensem
740 1389 869 1452 pagum
884 1377 920 1434 et
936 1377 1070 1451 partem
1092 1369 1290 1433 Scrobesbi-

233 1526 236 1530 .
345 1471 466 1534 riensis
484 1468 696 1552 depopulati,
711 1467 1037 1551 Anglesiamarmis
1052 1469 1244 1533 obtinuere.

395 1568 503 1652 5328.
528 1568 672 1632 Decimo
696 1587 788 1633 anno
814 1569 972 1633 kalendis
999 1567 1160 1632 Octobris
1182 1587 1294 1650 appa-

202 1653 229 1680 ⁰'
253 1668 257 1679 '
345 1671 414 1733 ruit
436 1677 598 1745 cometeS,
621 1668 814 1749 quindecim
836 1669 956 1733 diebus
979 1666 1145 1751 majorem
1162 1668 1293 1731 crinem

187 2287 242 2326 Ab.
254 2288 309 2325 1⁰98.

191 3182 245 3221 A.D.
256 3182 313 3220 1099.

192 3477 247 3518 Ad).
259 3478 313 3516 1100.

346 1771 505 1834 emittens
529 1769 573 1832 ad
589 1769 766 1846 orientem,
789 1769 955 1832 minorem
968 1787 1089 1832 versus
1111 1786 1295 1831 euro-aus·

348 1878 457 1933 trum:
488 1876 723 1950 apparuerunt
745 1875 780 1932 et
802 1869 881 1932 aliae
904 1866 1028 1943 stellae,
1054 1867 1153 1949 quasi
1171 1866 1295 1950 jacula

346 1971 437 2033 inter
466 1987 503 2032 se
527 1968 745 2031 emittentes.
798 1968 863 2031 llle
893 1967 959 2031 fuit
988 1985 1100 2030 annus
1125 1986 1194 2050 quo
1217 1964 1295 2031 An·

347 2070 475 2133 selmus
496 2067 559 2130 lux
585 2066 736 2147 Angliae,
764 2067 854 2130 ultro
884 2068 1044 2131 tenebras
1074 2085 1296 2130 erroneorum

349 2169 526 2250 effugiens,
542 2165 691 2230 Romam
709 2168 781 2231 ivit.

400 2267 504 2350 §329.
519 2266 711 2330 Undecimo
726 2285 817 2330 anno
832 2286 895 2329 rex
906 2265 1114 2330 Noricorum
1128 2263 1297 2346 Magnus,

350 2386 427 2430 cum
444 2365 602 2429 Haroldo
616 2366 687 2430 filio
700 2366 849 2430 Haroldi
860 2366 951 2447 regis
960 2365 1132 2448 quondam
1142 2363 1297 2446 Angliae,

351 2465 505 2530 Orcadas
530 2466 662 2529 insulas
686 2474 722 2530 et
738 2465 932 2542 Mevanias,
948 2473 983 2529 et
1007 2465 1130 2546 siquae
1155 2464 1234 2528 aliae
1256 2465 1295 2527 in
1335 2494 1345 2502 ·

350 2585 479 2629 oceano
500 2565 633 2648 jacent,
661 2567 765 2630 armis
791 2566 950 2646 subegit3
969 2565 1112 2648 jamque
1129 2562 1297 2645 Angliam

350 2685 412 2747 per
427 2663 629 2745 Anglesiam
653 2666 848 2729 obstinatus
870 2665 1029 2746 petebat:
1057 2663 1118 2726 sed
1139 2682 1299 2727 occurre-

351 2772 430 2828 runt
446 2765 478 2827 ei
492 2764 646 2840 comites,
664 2763 772 2846 Hugo
788 2763 994 2840 cestrensis,
1010 2771 1045 2827 et
1063 2762 1170 2844 Hugo
1193 2762 1297 2828 Scro-

350 2863 592 2941 besbiriensis3
616 2871 662 2939 et,
681 2871 866 2946 antequam
886 2863 1118 2927 continentem
1137 2863 1297 2944 ingrede-

352 2972 457 3039 retur,
474 2963 577 3026 armis
596 2982 674 3025 eum
697 2965 917 3046 expulerunt.
969 2961 1103 3026 Cecidit
1122 2961 1170 3025 ibi
1186 2961 1315 3044 Hugo,

352 3061 668 3138 Scrobesbiriensis,
686 3063 818 3126 eminus
834 3062 944 3126 ferreo
957 3061 1075 3125 hastili
1089 3061 1276 3143 perfossus.

403 3161 515 3244 §sau
539 3161 753 3225 Duodecimo
783 3181 875 3225 anno
898 3162 1023 3225 fluctus
1050 3161 1204 3225 marinus
1236 3180 1301 3244 per

352 3260 527 3324 Tamesim
546 3261 688 3325 fluvium
715 3262 882 3338 ascendit,
899 3269 934 3325 et
951 3261 1054 3324 villas
1071 3262 1199 3325 multas
1219 3279 1300 3325 cum
1326 3303 1331 3312 -

352 3359 547 3424 hominibus
561 3362 690 3424 mersit.

404 3460 507 3542 §331.
531 3460 783 3524 Tertiodecimo
798 3479 900 3537 anno,
917 3461 977 3543 qui
991 3467 1028 3523 et
1042 3467 1218 3523 extremus
1233 3457 1301 3523 fuit

352 3558 448 3635 vitae,
468 3559 578 3623 multa
598 3559 763 3624 adversa:
787 3560 853 3624 boc
878 3578 1016 3642 quoque
1041 3559 1192 3622 maxime
1217 3557 1299 3621 hor·

353 3659 508 3734 rendum,
525 3659 616 3740 quod
634 3659 816 3723 visibiliter
830 3659 989 3723 diabolus
1005 3658 1168 3740 apparuit
1189 3656 1300 3720 bomi-

353 3757 454 3821 nibus
475 3758 512 3820 in
528 3758 674 3822 saltibus
689 3766 724 3823 et
742 3759 863 3835 deviis,
880 3765 1098 3824 transeuntes
1115 3757 1299 3822 allocutus.

354 3855 530 3921 Praeterea
558 3857 594 3920 in
620 3840 712 3939 pago
738 3859 971 3935 Berrucscire,
995 3859 1032 3921 in
1056 3858 1141 3921 villa
1169 3850 1302 3918 ¹Ham·

353 3955 462 4033 stede,
475 3955 646 4020 continuis
656 3959 849 4040 quindecim
865 3959 985 4022 diebus
1002 3957 1080 4021 fons
1097 3954 1302 4038 sanguinem

390 4209 396 4237 ¹
410 4207 565 4281 Humstede]
584 4213 616 4263 A.
631 4215 658 4264 S.
674 4215 703 4262 C.
716 4213 751 4264 D.
764 4214 795 4262 E.
809 4213 856 4272 1..;
874 4211 1064 4274 Finghamsted,
1076 4211 1104 4260 S.
1117 4209 1182 4275 (var.
1193 4207 1265 4273 lect.)
