2866 4868
185 430 253 478 mn.
270 413 335 496 1v.]
412 431 528 480 cisra
552 431 678 480 aneuu
702 433 917 484 nnenoauu.
1068 422 1134 488 581

185 590 305 654 ulcisci
338 593 512 674 sperabat.
579 591 690 655 Porro
725 592 873 670 Turcus,
906 589 985 679 (qui
1022 596 1133 676 magis
1145 615 1242 656 norea

184 690 307 755 fraude
322 699 357 755 et
374 699 501 757 eventu
524 711 627 774 quam
644 694 771 756 virtute
797 700 832 756 et
848 688 988 757 ¹bellica
1009 695 1133 759 militia
1144 667 1297 757 *dffl'm‘

185 791 306 856 ducem
322 792 481 874 cepisset,
494 792 674 874 quodcum
688 794 808 874 paucis
824 793 867 857 ad
880 793 1132 858 Mellentiniam

184 893 303 955 urbem
318 892 550 973 recipiendam
567 889 741 976 venerat)
763 894 876 956 sciens
893 893 1047 959 Francos
1069 915 1133 976 pro
1237 931 1241 940 ·

186 992 235 1054 rei
254 991 385 1075 pudore
400 993 531 1055 viribus
553 993 718 1056 extremis
741 994 776 1055 in
799 1012 836 1056 se
858 1012 995 1071 usuros,
1008 996 1044 1057 in
1067 1014 1132 1059 sua

185 1110 222 1155 se
247 1092 389 1174 recepit,
405 1092 604 1174 compositis
629 1111 713 1155 sane
731 1093 920 1171 ordinibus,
939 1113 1006 1157 non
1030 1096 1132 1177 quasi

186 1191 303 1273 fugam
319 1192 525 1269 intenderet,
545 1192 605 1255 sed
623 1193 724 1274 quasi
743 1192 955 1276 triumphum
979 1194 1131 1260 duceret.

186 1292 285 1357 Tunc
318 1292 553 1368 Baldewinus,
583 1293 677 1356 ultra
701 1292 952 1360 Mellentiniam
986 1294 1132 1358 duorum

186 1393 317 1456 dierum
348 1393 440 1456 viam
480 1412 695 1476 progressus,
724 1412 803 1456 cum
834 1394 969 1457 videret
999 1395 1133 1458 hostem

185 1493 266 1557 belli
280 1494 521 1557 necessitatem
536 1493 720 1569 declinare,
738 1494 950 1557 redeundum
973 1496 1111 1576 putavit
1124 1515 1133 1574 ;

186 1600 222 1657 et
247 1601 327 1657 ante
353 1601 471 1658 tamen
495 1595 614 1657 urbem
638 1595 675 1657 in
699 1613 781 1657 suos
805 1613 902 1671 usus,
929 1614 999 1659 uon
1021 1596 1132 1659 invito

186 1693 350 1777 praefecto
367 1693 541 1771 Gabriele,
555 1693 765 1758 transduxit.

237 1793 345 1879 §aaa
369 1794 508 1858 Interea
526 1796 661 1876 perlato
684 1795 728 1859 ad
746 1814 784 1859 se
801 1795 928 1859 nuncio
949 1795 992 1859 de
1016 1795 1133 1859 fratris
1144 1820 1166 1860 1⁸
1176 1821 1255 1861 aeeon

186 1894 295 1973 obitu,
321 1895 585 1978 provincialium
611 1914 652 1958 ac
675 1895 800 1959 ducum
828 1896 865 1958 iu
888 1896 963 1979 ejus
992 1871 1273 1970 electio-iffi&

187 2014 264 2058 nem
286 2014 468 2070 consensu,
496 1995 737 2059 commendata
768 1994 901 2059 Edessa
929 1973 1270 2060 Baldewiuo³⁰¹¹¹⁸⁸¹⁰¹¹¹‘

188 2102 349 2176 cognato,
372 2095 574 2159 arctissimre
596 2096 860 2159 necessitudinis
874 2095 1134 2178 propinquitate

186 2194 385 2278 conjuncto,
406 2201 442 2259 et
463 2203 589 2277 praeter
612 2196 686 2260 haec
707 2214 819 2276 neque
840 2195 1048 2276 imprudenti
1073 2215 1134 2258 ne-

186 2313 253 2376 que
268 2293 410 2376 ignavo,
424 2294 468 2359 ad
483 2295 807 2379 lerosolymitanum
824 2315 968 2376 regnum
984 2306 1134 2359 mentem

185 2394 332 2477 impulit.
385 2395 615 2477 Congregatis
631 2415 713 2477 ergo
728 2396 901 2477 equitibus
915 2395 1084 2474 ducentis,
1098 2405 1134 2460 et

187 2495 359 2579 peditibus
374 2497 614 2578 septingentis,
627 2497 693 2559 iter
703 2497 843 2578 plenum
860 2496 980 2559 mortis
994 2503 1029 2559 et
1044 2497 1134 2578 peri-

187 2596 341 2660 culorum
357 2596 535 2678 ingressus
551 2603 626 2674 est3
649 2595 740 2659 unde
757 2595 911 2659 audaciae
925 2602 1034 2659 tantae
1051 2616 1134 2660 con·

187 2697 278 2761 tuitu
301 2697 412 2773 multi,
429 2715 516 2777 quos
538 2695 627 2760 falso
642 2695 759 2759 fideles
783 2696 1028 2771 arbitrabatur,
1050 2696 1136 2776 fuga

188 2795 402 2861 clandestina
425 2795 561 2878 dilapsi.
623 2796 705 2878 Ipse
734 2815 811 2860 cum
840 2796 981 2878 reliquis
1008 2793 1134 2859 Ant-io·

188 2896 300 2960 chiam
317 2896 428 2979 petiit,
441 2896 564 2977 ingens
580 2903 790 2959 momentum
805 2894 970 2959 desolatis
985 2894 1133 2971 futurus,

186 2998 333 3061 consilio
346 2997 482 3078 sagacis
502 2997 627 3059 mentis
648 2995 838 3060 informans
862 3003 902 3059 ut
916 2994 1134 3059 Tanoredum

187 3104 345 3179 peterent
361 3098 398 3160 in
413 3096 588 3160 ducatum.
638 3095 725 3160 Inde
742 3117 805 3179 per
820 3094 995 3158 Gibellum
1010 3101 1046 3158 et
1064 3095 1133 3159 La-

192 3197 336 3262 odiciam
361 3195 457 3261 venit
479 3195 670 3280 Tripolim:
694 3197 792 3280 cujus
820 3196 914 3258 urbis
932 3195 1134 3270 admiratus,

189 3297 329 3361 natione
355 3296 492 3380 quidem
515 3296 663 3374 Turcus,
689 3297 749 3360 sed
767 3296 869 3377 genio
893 3295 1043 3358 naturali
1065 3296 1134 3359 ele-

190 3398 327 3462 mentiae
342 3397 532 3461 visceribus
547 3396 721 3479 profusus,
736 3402 838 3460 extra
859 3414 975 3459 muros
998 3394 1049 3457 illi
1063 3396 1134 3459 vic·

188 3497 242 3561 tui
264 3496 459 3562 necessaria
478 3497 685 3576 destinavit3
709 3496 846 3580 adjecto
863 3496 1051 3577 quinetiam
1075 3497 1135 3558 be-

190 3597 371 3679 nignitatis
394 3596 558 3660 mandato
582 3603 622 3659 ut
637 3597 823 3679 prudenter
843 3615 881 3658 se
906 3601 1036 3677 ageret,
1054 3597 1136 3677 quia

109 3728 122 3755 ·.
189 3696 314 3763 Ducah
341 3717 405 3760 rex
430 3697 726 3760 Damascenorum
755 3696 927 3759 tramitem
950 3701 1136 3775 angustum

324 3803 422 3863 verat
445 3817 507 3879 per
524 3817 626 3879 quem
647 3797 744 3860 illum
768 3796 925 3859 audierat
941 3803 1135 3859 venturum.

409 3897 554 3979 puderet
570 3897 671 3960 minis
694 3896 875 3960 Saracenis
899 3896 1041 3972 moveri,
1055 3915 1138 3961 cou-

368 3996 377 4013 '
414 4016 449 4075 o,
478 4016 546 4078 quo
569 4007 809 4079 proposuerat,
839 3995 1038 4074 contendit3
1065 3996 1138 4073 sed,

452 4245 469 4321 ]
486 4251 521 4301 D.
533 4251 580 4314 E.;
600 4251 700 4313 militia,
712 4251 741 4301 S.
753 4252 798 4312 C.;
809 4251 902 4300 bellica
908 4248 1020 4388 j112stltia,
1032 4247 1065 4298 A.
1074 4249 1105 4298 L.

968 4341 990 4399 Q
