<?xml version="1.0" encoding="UTF-8"?>
<!DOCTYPE html PUBLIC "-//W3C//DTD XHTML 1.0 Transitional//EN"
    "http://www.w3.org/TR/xhtml1/DTD/xhtml1-transitional.dtd">
<html xmlns="http://www.w3.org/1999/xhtml" xml:lang="en" lang="en">
 <head>
  <title>
</title>
<meta http-equiv="Content-Type" content="text/html;charset=utf-8" />
  <meta name='ocr-system' content='tesseract 3.04.00' />
  <meta name='ocr-capabilities' content='ocr_page ocr_carea ocr_par ocr_line ocrx_word'/>
</head>
<body>
  <div class='ocr_page' id='page_1' title='image "./gestaregumanglo00willgoog_0131.png"; bbox 0 0 2866 4868; ppageno 0'>
   <div class='ocr_carea' id='block_1_1' title="bbox 321 370 1282 453">
    <p class='ocr_par' dir='ltr' id='par_1_1' title="bbox 321 370 1282 453">
     <span class='ocr_line' id='line_1_1' title="bbox 321 370 1282 453; baseline 0 -19"><span class='ocrx_word' id='word_1_1' title='bbox 321 370 385 434; x_wconf 80' lang='lat'><strong>508</strong></span> <span class='ocrx_word' id='word_1_2' title='bbox 536 387 650 436; x_wconf 67' lang='lat' dir='ltr'><strong>unsre</strong></span> <span class='ocrx_word' id='word_1_3' title='bbox 674 388 800 436; x_wconf 81' lang='lat' dir='ltr'><strong>aucun</strong></span> <span class='ocrx_word' id='word_1_4' title='bbox 825 387 1040 436; x_wconf 74' lang='lat' dir='ltr'><strong>nucnonuu.</strong></span> <span class='ocrx_word' id='word_1_5' title='bbox 1125 371 1210 453; x_wconf 84' lang='lat' dir='ltr'><strong>[mn.</strong></span> <span class='ocrx_word' id='word_1_6' title='bbox 1229 387 1282 434; x_wconf 91' lang='lat' dir='ltr'><strong>rv.</strong></span> 
     </span>
    </p>
   </div>
   <div class='ocr_carea' id='block_1_2' title="bbox 314 540 1280 3322">
    <p class='ocr_par' dir='ltr' id='par_1_2' title="bbox 314 540 1280 3322">
     <span class='ocr_line' id='line_1_2' title="bbox 323 540 1280 628; baseline 0.002 -21"><span class='ocrx_word' id='word_1_7' title='bbox 323 545 423 608; x_wconf 77' lang='lat' dir='ltr'><strong>&#39;l&#39;unc</strong></span> <span class='ocrx_word' id='word_1_8' title='bbox 454 546 587 628; x_wconf 85' lang='lat' dir='ltr'>aliquot</span> <span class='ocrx_word' id='word_1_9' title='bbox 618 546 712 610; x_wconf 92' lang='lat' dir='ltr'><strong>horis</strong></span> <span class='ocrx_word' id='word_1_10' title='bbox 740 540 975 611; x_wconf 89' lang='lat' dir='ltr'><strong>¹antelucanis</strong></span> <span class='ocrx_word' id='word_1_11' title='bbox 1006 544 1163 608; x_wconf 93' lang='lat' dir='ltr'><strong>nonnihil</strong></span> <span class='ocrx_word' id='word_1_12' title='bbox 1187 545 1280 626; x_wconf 87' lang='lat' dir='ltr'><strong>vigi·</strong></span> 
     </span>
     <span class='ocr_line' id='line_1_3' title="bbox 325 645 1280 730; baseline 0 -22"><span class='ocrx_word' id='word_1_13' title='bbox 325 645 444 708; x_wconf 88' lang='lat' dir='ltr'><strong>latuin.</strong></span> <span class='ocrx_word' id='word_1_14' title='bbox 498 646 610 710; x_wconf 92' lang='lat' dir='ltr'><strong>Paulo</strong></span> <span class='ocrx_word' id='word_1_15' title='bbox 626 654 717 729; x_wconf 91' lang='lat' dir='ltr'><strong>post,</strong></span> <span class='ocrx_word' id='word_1_16' title='bbox 733 666 810 710; x_wconf 91' lang='lat' dir='ltr'><strong>cum</strong></span> <span class='ocrx_word' id='word_1_17' title='bbox 821 647 895 730; x_wconf 87' lang='lat' dir='ltr'><strong>jam</strong></span> <span class='ocrx_word' id='word_1_18' title='bbox 913 646 1051 710; x_wconf 87' lang='lat' dir='ltr'><strong>Aurora</strong></span> <span class='ocrx_word' id='word_1_19' title='bbox 1068 645 1157 708; x_wconf 93' lang='lat' dir='ltr'><strong>diem</strong></span> <span class='ocrx_word' id='word_1_20' title='bbox 1180 645 1280 708; x_wconf 91' lang='lat' dir='ltr'><strong>inve-</strong></span> 
     </span>
     <span class='ocr_line' id='line_1_4' title="bbox 324 745 1278 829; baseline 0 -21"><span class='ocrx_word' id='word_1_21' title='bbox 324 745 405 808; x_wconf 84' lang='lat' dir='ltr'><strong>here</strong></span> <span class='ocrx_word' id='word_1_22' title='bbox 438 746 675 822; x_wconf 83' lang='lat' dir='ltr'><strong>meditaretur,</strong></span> <span class='ocrx_word' id='word_1_23' title='bbox 705 746 894 810; x_wconf 89' lang='lat' dir='ltr'><strong>monachus</strong></span> <span class='ocrx_word' id='word_1_24' title='bbox 926 745 1067 829; x_wconf 89' lang='lat' dir='ltr'><strong>quidam</strong></span> <span class='ocrx_word' id='word_1_25' title='bbox 1103 752 1278 809; x_wconf 89' lang='lat' dir='ltr'><strong>transma-</strong></span> 
     </span>
     <span class='ocr_line' id='line_1_5' title="bbox 325 844 1277 926; baseline 0.001 -20"><span class='ocrx_word' id='word_1_26' title='bbox 325 846 420 907; x_wconf 90' lang='lat' dir='ltr'><strong>rinus</strong></span> <span class='ocrx_word' id='word_1_27' title='bbox 442 846 560 910; x_wconf 91' lang='lat' dir='ltr'><strong>retulit</strong></span> <span class='ocrx_word' id='word_1_28' title='bbox 586 844 742 909; x_wconf 90' lang='lat' dir='ltr'><strong>Roberto</strong></span> <span class='ocrx_word' id='word_1_29' title='bbox 770 846 841 910; x_wconf 90' lang='lat' dir='ltr'><strong>filio</strong></span> <span class='ocrx_word' id='word_1_30' title='bbox 868 845 1053 922; x_wconf 76' lang='lat' dir='ltr'><strong>HamoniS,</strong></span> <span class='ocrx_word' id='word_1_31' title='bbox 1074 844 1149 908; x_wconf 90' lang='lat' dir='ltr'><strong>viro</strong></span> <span class='ocrx_word' id='word_1_32' title='bbox 1177 864 1277 926; x_wconf 84' lang='lat' dir='ltr'><strong>mag-</strong></span> 
     </span>
     <span class='ocr_line' id='line_1_6' title="bbox 326 944 1278 1028; baseline 0 -20"><span class='ocrx_word' id='word_1_33' title='bbox 326 951 446 1009; x_wconf 91' lang='lat' dir='ltr'><strong>natum</strong></span> <span class='ocrx_word' id='word_1_34' title='bbox 473 946 633 1028; x_wconf 88' lang='lat' dir='ltr'><strong>principi,</strong></span> <span class='ocrx_word' id='word_1_35' title='bbox 659 947 829 1010; x_wconf 87' lang='lat' dir='ltr'><strong>somnium</strong></span> <span class='ocrx_word' id='word_1_36' title='bbox 844 946 937 1028; x_wconf 92' lang='lat' dir='ltr'><strong>quod</strong></span> <span class='ocrx_word' id='word_1_37' title='bbox 963 944 1081 1008; x_wconf 88' lang='lat' dir='ltr'><strong>eadem</strong></span> <span class='ocrx_word' id='word_1_38' title='bbox 1108 951 1209 1008; x_wconf 88' lang='lat' dir='ltr'><strong>nocte</strong></span> <span class='ocrx_word' id='word_1_39' title='bbox 1233 944 1278 1009; x_wconf 92' lang='lat' dir='ltr'><strong>de</strong></span> 
     </span>
     <span class='ocr_line' id='line_1_7' title="bbox 327 1043 1277 1126; baseline 0 -19"><span class='ocrx_word' id='word_1_40' title='bbox 327 1064 410 1126; x_wconf 86' lang='lat' dir='ltr'><strong>rege</strong></span> <span class='ocrx_word' id='word_1_41' title='bbox 440 1045 587 1122; x_wconf 89' lang='lat' dir='ltr'><strong>viderat,</strong></span> <span class='ocrx_word' id='word_1_42' title='bbox 617 1046 741 1108; x_wconf 90' lang='lat' dir='ltr'><strong>mirum</strong></span> <span class='ocrx_word' id='word_1_43' title='bbox 773 1053 809 1109; x_wconf 92' lang='lat' dir='ltr'><strong>et</strong></span> <span class='ocrx_word' id='word_1_44' title='bbox 843 1044 1071 1109; x_wconf 89' lang='lat' dir='ltr'><strong>horrendum:</strong></span> <span class='ocrx_word' id='word_1_45' title='bbox 1104 1043 1207 1122; x_wconf 87' lang='lat' dir='ltr'><strong>Quod</strong></span> <span class='ocrx_word' id='word_1_46' title='bbox 1239 1045 1277 1107; x_wconf 93' lang='lat' dir='ltr'><strong>in</strong></span> 
     </span>
     <span class='ocr_line' id='line_1_8' title="bbox 325 1145 1278 1226; baseline 0.002 -20"><span class='ocrx_word' id='word_1_47' title='bbox 325 1145 500 1226; x_wconf 86' lang='lat' dir='ltr'><strong>quandam</strong></span> <span class='ocrx_word' id='word_1_48' title='bbox 533 1145 712 1209; x_wconf 89' lang='lat' dir='ltr'><strong>ecclesiam</strong></span> <span class='ocrx_word' id='word_1_49' title='bbox 745 1154 901 1222; x_wconf 89' lang='lat' dir='ltr'><strong>venerat,</strong></span> <span class='ocrx_word' id='word_1_50' title='bbox 929 1146 1078 1226; x_wconf 91' lang='lat' dir='ltr'><strong>superbo</strong></span> <span class='ocrx_word' id='word_1_51' title='bbox 1113 1150 1213 1226; x_wconf 82' lang='lat' dir='ltr'><strong>gestu</strong></span> <span class='ocrx_word' id='word_1_52' title='bbox 1241 1153 1278 1208; x_wconf 92' lang='lat' dir='ltr'><strong>et</strong></span> 
     </span>
     <span class='ocr_line' id='line_1_9' title="bbox 325 1243 1276 1326; baseline 0.002 -20"><span class='ocrx_word' id='word_1_53' title='bbox 325 1244 501 1322; x_wconf 85' lang='lat' dir='ltr'><strong>insolenti,</strong></span> <span class='ocrx_word' id='word_1_54' title='bbox 530 1253 569 1309; x_wconf 92' lang='lat' dir='ltr'><strong>ut</strong></span> <span class='ocrx_word' id='word_1_55' title='bbox 592 1245 737 1322; x_wconf 87' lang='lat' dir='ltr'><strong>solebat,</strong></span> <span class='ocrx_word' id='word_1_56' title='bbox 771 1245 1037 1308; x_wconf 83' lang='lat' dir='ltr'><strong>circumstantes</strong></span> <span class='ocrx_word' id='word_1_57' title='bbox 1069 1243 1276 1326; x_wconf 77' lang='lat' dir='ltr'><strong>despiciens</strong></span> 
     </span>
     <span class='ocr_line' id='line_1_10' title="bbox 326 1343 1276 1427; baseline 0.003 -22"><span class='ocrx_word' id='word_1_58' title='bbox 326 1343 438 1420; x_wconf 87' lang='lat' dir='ltr'><strong>Tunc,</strong></span> <span class='ocrx_word' id='word_1_59' title='bbox 463 1344 666 1408; x_wconf 86' lang='lat' dir='ltr'><strong>crucifixum</strong></span> <span class='ocrx_word' id='word_1_60' title='bbox 692 1344 864 1408; x_wconf 89' lang='lat' dir='ltr'><strong>mordicus</strong></span> <span class='ocrx_word' id='word_1_61' title='bbox 895 1343 1170 1427; x_wconf 89' lang='lat' dir='ltr'><strong>apprehendens,</strong></span> <span class='ocrx_word' id='word_1_62' title='bbox 1193 1344 1276 1408; x_wconf 87' lang='lat' dir='ltr'><strong>bra-</strong></span> 
     </span>
     <span class='ocr_line' id='line_1_11' title="bbox 326 1443 1276 1527; baseline 0.004 -23"><span class='ocrx_word' id='word_1_63' title='bbox 326 1443 405 1505; x_wconf 90' lang='lat' dir='ltr'><strong>chia</strong></span> <span class='ocrx_word' id='word_1_64' title='bbox 421 1444 472 1506; x_wconf 92' lang='lat' dir='ltr'><strong>illi</strong></span> <span class='ocrx_word' id='word_1_65' title='bbox 487 1445 682 1520; x_wconf 87' lang='lat' dir='ltr'><strong>corroserit,</strong></span> <span class='ocrx_word' id='word_1_66' title='bbox 699 1464 801 1507; x_wconf 92' lang='lat' dir='ltr'><strong>crura</strong></span> <span class='ocrx_word' id='word_1_67' title='bbox 814 1464 902 1527; x_wconf 91' lang='lat' dir='ltr'><strong>pene</strong></span> <span class='ocrx_word' id='word_1_68' title='bbox 920 1444 1144 1508; x_wconf 89' lang='lat' dir='ltr'><strong>truncaverit.</strong></span> <span class='ocrx_word' id='word_1_69' title='bbox 1186 1443 1276 1508; x_wconf 88' lang='lat' dir='ltr'><strong>Cru-</strong></span> 
     </span>
     <span class='ocr_line' id='line_1_12' title="bbox 326 1542 1277 1626; baseline 0.001 -20"><span class='ocrx_word' id='word_1_70' title='bbox 326 1543 468 1606; x_wconf 86' lang='lat' dir='ltr'><strong>cifixum</strong></span> <span class='ocrx_word' id='word_1_71' title='bbox 484 1543 543 1608; x_wconf 95' lang='lat' dir='ltr'><strong>diu</strong></span> <span class='ocrx_word' id='word_1_72' title='bbox 558 1542 736 1621; x_wconf 88' lang='lat' dir='ltr'><strong>tolerasse,</strong></span> <span class='ocrx_word' id='word_1_73' title='bbox 755 1545 815 1607; x_wconf 88' lang='lat' dir='ltr'><strong>sed</strong></span> <span class='ocrx_word' id='word_1_74' title='bbox 831 1544 969 1608; x_wconf 89' lang='lat' dir='ltr'><strong>tandem</strong></span> <span class='ocrx_word' id='word_1_75' title='bbox 993 1544 1080 1626; x_wconf 92' lang='lat' dir='ltr'><strong>pede</strong></span> <span class='ocrx_word' id='word_1_76' title='bbox 1094 1545 1145 1608; x_wconf 88' lang='lat' dir='ltr'><strong>ita</strong></span> <span class='ocrx_word' id='word_1_77' title='bbox 1157 1563 1277 1626; x_wconf 87' lang='lat' dir='ltr'><strong>regem</strong></span> 
     </span>
     <span class='ocr_line' id='line_1_13' title="bbox 326 1643 1274 1728; baseline 0.002 -23"><span class='ocrx_word' id='word_1_78' title='bbox 326 1643 497 1725; x_wconf 88' lang='lat' dir='ltr'><strong>depulisse</strong></span> <span class='ocrx_word' id='word_1_79' title='bbox 511 1650 550 1706; x_wconf 93' lang='lat' dir='ltr'><strong>ut</strong></span> <span class='ocrx_word' id='word_1_80' title='bbox 564 1645 707 1728; x_wconf 92' lang='lat' dir='ltr'><strong>supinus</strong></span> <span class='ocrx_word' id='word_1_81' title='bbox 720 1644 880 1709; x_wconf 84' lang='lat' dir='ltr'><strong>caderet:</strong></span> <span class='ocrx_word' id='word_1_82' title='bbox 905 1663 949 1707; x_wconf 86' lang='lat' dir='ltr'><strong>ex</strong></span> <span class='ocrx_word' id='word_1_83' title='bbox 965 1664 1023 1707; x_wconf 91' lang='lat' dir='ltr'><strong>ore</strong></span> <span class='ocrx_word' id='word_1_84' title='bbox 1033 1643 1184 1727; x_wconf 89' lang='lat' dir='ltr'><strong>jacentis</strong></span> <span class='ocrx_word' id='word_1_85' title='bbox 1199 1651 1274 1708; x_wconf 87' lang='lat' dir='ltr'><strong>tam</strong></span> 
     </span>
     <span class='ocr_line' id='line_1_14' title="bbox 325 1738 1276 1821; baseline 0 -15"><span class='ocrx_word' id='word_1_86' title='bbox 325 1742 467 1806; x_wconf 87' lang='lat' dir='ltr'><strong>effusam</strong></span> <span class='ocrx_word' id='word_1_87' title='bbox 498 1744 670 1807; x_wconf 88' lang='lat' dir='ltr'><strong>flammam</strong></span> <span class='ocrx_word' id='word_1_88' title='bbox 692 1744 818 1821; x_wconf 84' lang='lat' dir='ltr'><strong>exisse,</strong></span> <span class='ocrx_word' id='word_1_89' title='bbox 836 1738 893 1807; x_wconf 89' lang='lat' dir='ltr'><strong>²ut</strong></span> <span class='ocrx_word' id='word_1_90' title='bbox 915 1744 1104 1808; x_wconf 87' lang='lat' dir='ltr'><strong>fumeorum</strong></span> <span class='ocrx_word' id='word_1_91' title='bbox 1127 1742 1276 1808; x_wconf 89' lang='lat' dir='ltr'><strong>volumi-</strong></span> 
     </span>
     <span class='ocr_line' id='line_1_15' title="bbox 325 1842 1274 1908; baseline 0.003 -4"><span class='ocrx_word' id='word_1_92' title='bbox 325 1863 407 1905; x_wconf 93' lang='lat' dir='ltr'><strong>num</strong></span> <span class='ocrx_word' id='word_1_93' title='bbox 430 1845 529 1906; x_wconf 91' lang='lat' dir='ltr'><strong>orbes</strong></span> <span class='ocrx_word' id='word_1_94' title='bbox 555 1845 659 1907; x_wconf 90' lang='lat' dir='ltr'><strong>etiam</strong></span> <span class='ocrx_word' id='word_1_95' title='bbox 684 1843 798 1907; x_wconf 88' lang='lat' dir='ltr'><strong>sidera</strong></span> <span class='ocrx_word' id='word_1_96' title='bbox 820 1844 1022 1908; x_wconf 88' lang='lat' dir='ltr'><strong>lamberent.</strong></span> <span class='ocrx_word' id='word_1_97' title='bbox 1074 1842 1156 1907; x_wconf 92' lang='lat' dir='ltr'><strong>Hoc</strong></span> <span class='ocrx_word' id='word_1_98' title='bbox 1180 1863 1274 1907; x_wconf 92' lang='lat' dir='ltr'><strong>som-</strong></span> 
     </span>
     <span class='ocr_line' id='line_1_16' title="bbox 324 1942 1275 2025; baseline 0.002 -21"><span class='ocrx_word' id='word_1_99' title='bbox 324 1944 420 2006; x_wconf 90' lang='lat' dir='ltr'><strong>nium</strong></span> <span class='ocrx_word' id='word_1_100' title='bbox 437 1942 613 2008; x_wconf 91' lang='lat' dir='ltr'><strong>Robertus</strong></span> <span class='ocrx_word' id='word_1_101' title='bbox 632 1963 700 2007; x_wconf 92' lang='lat' dir='ltr'><strong>non</strong></span> <span class='ocrx_word' id='word_1_102' title='bbox 718 1944 961 2025; x_wconf 85' lang='lat' dir='ltr'><strong>negligendum</strong></span> <span class='ocrx_word' id='word_1_103' title='bbox 984 1944 1184 2021; x_wconf 86' lang='lat' dir='ltr'><strong>arbitratus,</strong></span> <span class='ocrx_word' id='word_1_104' title='bbox 1198 1944 1275 2025; x_wconf 82' lang='lat' dir='ltr'><strong>regi</strong></span> 
     </span>
     <span class='ocr_line' id='line_1_17' title="bbox 323 2042 1274 2126; baseline 0 -20"><span class='ocrx_word' id='word_1_105' title='bbox 323 2043 516 2118; x_wconf 87' lang='lat' dir='ltr'><strong>confestim,</strong></span> <span class='ocrx_word' id='word_1_106' title='bbox 533 2043 624 2126; x_wconf 90' lang='lat' dir='ltr'><strong>quod</strong></span> <span class='ocrx_word' id='word_1_107' title='bbox 648 2045 678 2108; x_wconf 92' lang='lat' dir='ltr'><strong>ei</strong></span> <span class='ocrx_word' id='word_1_108' title='bbox 697 2063 718 2106; x_wconf 91' lang='lat' dir='ltr'><strong>a</strong></span> <span class='ocrx_word' id='word_1_109' title='bbox 732 2044 874 2107; x_wconf 91' lang='lat' dir='ltr'><strong>secretis</strong></span> <span class='ocrx_word' id='word_1_110' title='bbox 898 2050 985 2120; x_wconf 91' lang='lat' dir='ltr'><strong>erat,</strong></span> <span class='ocrx_word' id='word_1_111' title='bbox 1000 2042 1137 2107; x_wconf 88' lang='lat' dir='ltr'><strong>intulit:</strong></span> <span class='ocrx_word' id='word_1_112' title='bbox 1160 2051 1199 2106; x_wconf 91' lang='lat' dir='ltr'><strong>at</strong></span> <span class='ocrx_word' id='word_1_113' title='bbox 1212 2043 1274 2107; x_wconf 94' lang='lat' dir='ltr'><strong>ille</strong></span> 
     </span>
     <span class='ocr_line' id='line_1_18' title="bbox 323 2140 1271 2225; baseline 0.001 -19"><span class='ocrx_word' id='word_1_114' title='bbox 323 2143 509 2207; x_wconf 90' lang='lat' dir='ltr'><strong>cachinnos</strong></span> <span class='ocrx_word' id='word_1_115' title='bbox 530 2144 759 2225; x_wconf 82' lang='lat' dir='ltr'><strong>ingeminans,</strong></span> <span class='ocrx_word' id='word_1_116' title='bbox 781 2142 1021 2220; x_wconf 84' lang='lat' dir='ltr'><strong>‘Monachus,’</strong></span> <span class='ocrx_word' id='word_1_117' title='bbox 1031 2140 1159 2224; x_wconf 85' lang='lat' dir='ltr'><strong>inquit,</strong></span> <span class='ocrx_word' id='word_1_118' title='bbox 1181 2148 1271 2221; x_wconf 68' lang='lat' dir='ltr'><strong>‘esa</strong></span> 
     </span>
     <span class='ocr_line' id='line_1_19' title="bbox 323 2241 1274 2320; baseline 0.001 -14"><span class='ocrx_word' id='word_1_119' title='bbox 323 2251 359 2305; x_wconf 91' lang='lat' dir='ltr'><strong>et</strong></span> <span class='ocrx_word' id='word_1_120' title='bbox 373 2263 481 2306; x_wconf 90' lang='lat' dir='ltr'><strong>causa</strong></span> <span class='ocrx_word' id='word_1_121' title='bbox 495 2263 712 2307; x_wconf 91' lang='lat' dir='ltr'><strong>nummorum</strong></span> <span class='ocrx_word' id='word_1_122' title='bbox 730 2243 981 2307; x_wconf 88' lang='lat' dir='ltr'><strong>monachaliter</strong></span> <span class='ocrx_word' id='word_1_123' title='bbox 995 2244 1167 2320; x_wconf 78' lang='lat' dir='ltr'><strong>somniat3</strong></span> <span class='ocrx_word' id='word_1_124' title='bbox 1191 2241 1274 2307; x_wconf 87' lang='lat' dir='ltr'><strong>date</strong></span> 
     </span>
     <span class='ocr_line' id='line_1_20' title="bbox 326 2341 1272 2419; baseline 0.002 -15"><span class='ocrx_word' id='word_1_125' title='bbox 326 2343 357 2404; x_wconf 93' lang='lat' dir='ltr'><strong>ei</strong></span> <span class='ocrx_word' id='word_1_126' title='bbox 382 2350 519 2406; x_wconf 91' lang='lat' dir='ltr'><strong>centum</strong></span> <span class='ocrx_word' id='word_1_127' title='bbox 544 2343 696 2408; x_wconf 85' lang='lat' dir='ltr'><strong>solidos&#39;</strong></span> <span class='ocrx_word' id='word_1_128' title='bbox 747 2341 900 2406; x_wconf 90' lang='lat' dir='ltr'><strong>Multum</strong></span> <span class='ocrx_word' id='word_1_129' title='bbox 923 2350 1040 2406; x_wconf 85' lang='lat' dir='ltr'><strong>tamen</strong></span> <span class='ocrx_word' id='word_1_130' title='bbox 1064 2350 1189 2419; x_wconf 82' lang='lat' dir='ltr'><strong>motae,</strong></span> <span class='ocrx_word' id='word_1_131' title='bbox 1211 2342 1272 2407; x_wconf 92' lang='lat' dir='ltr'><strong>diu</strong></span> 
     </span>
     <span class='ocr_line' id='line_1_21' title="bbox 325 2442 1274 2526; baseline 0.002 -21"><span class='ocrx_word' id='word_1_132' title='bbox 325 2449 509 2506; x_wconf 89' lang='lat' dir='ltr'><strong>cunctatus</strong></span> <span class='ocrx_word' id='word_1_133' title='bbox 524 2451 577 2507; x_wconf 91' lang='lat' dir='ltr'><strong>est</strong></span> <span class='ocrx_word' id='word_1_134' title='bbox 592 2462 635 2506; x_wconf 90' lang='lat' dir='ltr'><strong>an</strong></span> <span class='ocrx_word' id='word_1_135' title='bbox 659 2443 693 2506; x_wconf 93' lang='lat' dir='ltr'><strong>in</strong></span> <span class='ocrx_word' id='word_1_136' title='bbox 718 2443 853 2526; x_wconf 86' lang='lat' dir='ltr'><strong>sylvam</strong></span> <span class='ocrx_word' id='word_1_137' title='bbox 869 2443 960 2506; x_wconf 93' lang='lat' dir='ltr'><strong>sicut</strong></span> <span class='ocrx_word' id='word_1_138' title='bbox 979 2442 1173 2506; x_wconf 90' lang='lat' dir='ltr'><strong>intenderat</strong></span> <span class='ocrx_word' id='word_1_139' title='bbox 1194 2443 1274 2521; x_wconf 90' lang='lat' dir='ltr'><strong>iret,</strong></span> 
     </span>
     <span class='ocr_line' id='line_1_22' title="bbox 325 2541 1273 2624; baseline 0.001 -20"><span class='ocrx_word' id='word_1_140' title='bbox 325 2541 551 2606; x_wconf 89' lang='lat' dir='ltr'><strong>suadentibus</strong></span> <span class='ocrx_word' id='word_1_141' title='bbox 581 2543 700 2606; x_wconf 90' lang='lat' dir='ltr'><strong>amicis</strong></span> <span class='ocrx_word' id='word_1_142' title='bbox 725 2562 768 2605; x_wconf 96' lang='lat' dir='ltr'><strong>ne</strong></span> <span class='ocrx_word' id='word_1_143' title='bbox 798 2562 861 2606; x_wconf 93' lang='lat' dir='ltr'><strong>suo</strong></span> <span class='ocrx_word' id='word_1_144' title='bbox 887 2541 1065 2624; x_wconf 92' lang='lat' dir='ltr'><strong>dispendio</strong></span> <span class='ocrx_word' id='word_1_145' title='bbox 1090 2542 1273 2606; x_wconf 90' lang='lat' dir='ltr'><strong>veritatem</strong></span> 
     </span>
     <span class='ocr_line' id='line_1_23' title="bbox 327 2641 1273 2724; baseline 0.002 -20"><span class='ocrx_word' id='word_1_146' title='bbox 327 2643 535 2705; x_wconf 90' lang='lat' dir='ltr'><strong>somniorum</strong></span> <span class='ocrx_word' id='word_1_147' title='bbox 553 2644 779 2724; x_wconf 86' lang='lat' dir='ltr'><strong>experiretur.</strong></span> <span class='ocrx_word' id='word_1_148' title='bbox 834 2641 959 2723; x_wconf 88' lang='lat' dir='ltr'><strong>ltaque</strong></span> <span class='ocrx_word' id='word_1_149' title='bbox 981 2649 1062 2705; x_wconf 90' lang='lat' dir='ltr'><strong>ante</strong></span> <span class='ocrx_word' id='word_1_150' title='bbox 1084 2643 1197 2706; x_wconf 91' lang='lat' dir='ltr'><strong>cibum</strong></span> <span class='ocrx_word' id='word_1_151' title='bbox 1211 2662 1273 2706; x_wconf 91' lang='lat' dir='ltr'><strong>ve·</strong></span> 
     </span>
     <span class='ocr_line' id='line_1_24' title="bbox 325 2735 1272 2823; baseline 0.002 -20"><span class='ocrx_word' id='word_1_152' title='bbox 325 2748 412 2804; x_wconf 89' lang='lat' dir='ltr'><strong>natu</strong></span> <span class='ocrx_word' id='word_1_153' title='bbox 436 2742 616 2819; x_wconf 89' lang='lat' dir='ltr'><strong>abstinuit,</strong></span> <span class='ocrx_word' id='word_1_154' title='bbox 638 2742 737 2805; x_wconf 90' lang='lat' dir='ltr'><strong>seriis</strong></span> <span class='ocrx_word' id='word_1_155' title='bbox 760 2742 909 2823; x_wconf 83' lang='lat' dir='ltr'><strong>negotiis</strong></span> <span class='ocrx_word' id='word_1_156' title='bbox 926 2735 1146 2806; x_wconf 83' lang='lat' dir='ltr'><strong>³cruditatem</strong></span> <span class='ocrx_word' id='word_1_157' title='bbox 1172 2741 1272 2805; x_wconf 93' lang='lat' dir='ltr'><strong>indo·</strong></span> 
     </span>
     <span class='ocr_line' id='line_1_25' title="bbox 324 2841 1273 2922; baseline 0.004 -21"><span class='ocrx_word' id='word_1_158' title='bbox 324 2842 417 2904; x_wconf 86' lang='lat' dir='ltr'><strong>mitae</strong></span> <span class='ocrx_word' id='word_1_159' title='bbox 441 2843 566 2905; x_wconf 92' lang='lat' dir='ltr'><strong>mentis</strong></span> <span class='ocrx_word' id='word_1_160' title='bbox 592 2849 799 2921; x_wconf 82' lang='lat' dir='ltr'><strong>eructuans3</strong></span> <span class='ocrx_word' id='word_1_161' title='bbox 827 2841 954 2918; x_wconf 85' lang='lat' dir='ltr'><strong>ferunt,</strong></span> <span class='ocrx_word' id='word_1_162' title='bbox 977 2860 1019 2904; x_wconf 89' lang='lat' dir='ltr'><strong>ea</strong></span> <span class='ocrx_word' id='word_1_163' title='bbox 1047 2842 1102 2906; x_wconf 90' lang='lat' dir='ltr'><strong>die</strong></span> <span class='ocrx_word' id='word_1_164' title='bbox 1128 2841 1273 2922; x_wconf 83' lang='lat' dir='ltr'><strong>largiter</strong></span> 
     </span>
     <span class='ocr_line' id='line_1_26' title="bbox 325 2940 1273 3024; baseline 0.002 -22"><span class='ocrx_word' id='word_1_165' title='bbox 325 2941 514 3021; x_wconf 89' lang='lat' dir='ltr'><strong>epulatum,</strong></span> <span class='ocrx_word' id='word_1_166' title='bbox 530 2941 758 3004; x_wconf 89' lang='lat' dir='ltr'><strong>crebrioribus</strong></span> <span class='ocrx_word' id='word_1_167' title='bbox 780 2961 883 3023; x_wconf 92' lang='lat' dir='ltr'><strong>quam</strong></span> <span class='ocrx_word' id='word_1_168' title='bbox 897 2948 1125 3005; x_wconf 89' lang='lat' dir='ltr'><strong>consueverat</strong></span> <span class='ocrx_word' id='word_1_169' title='bbox 1139 2940 1273 3024; x_wconf 87' lang='lat' dir='ltr'><strong>poculis</strong></span> 
     </span>
     <span class='ocr_line' id='line_1_27' title="bbox 314 3038 1272 3123; baseline 0.004 -23"><span class='ocrx_word' id='word_1_170' title='bbox 314 3038 470 3103; x_wconf 78' lang='lat' dir='ltr'><strong>l&#39;rontem</strong></span> <span class='ocrx_word' id='word_1_171' title='bbox 502 3059 692 3104; x_wconf 88' lang='lat' dir='ltr'><strong>serenasse.</strong></span> <span class='ocrx_word' id='word_1_172' title='bbox 747 3041 834 3104; x_wconf 88' lang='lat' dir='ltr'><strong>Mox</strong></span> <span class='ocrx_word' id='word_1_173' title='bbox 861 3039 968 3120; x_wconf 83' lang='lat' dir='ltr'><strong>igitur</strong></span> <span class='ocrx_word' id='word_1_174' title='bbox 997 3048 1077 3123; x_wconf 92' lang='lat' dir='ltr'><strong>post</strong></span> <span class='ocrx_word' id='word_1_175' title='bbox 1099 3041 1211 3104; x_wconf 91' lang='lat' dir='ltr'><strong>cibum</strong></span> <span class='ocrx_word' id='word_1_176' title='bbox 1233 3041 1272 3104; x_wconf 91' lang='lat' dir='ltr'><strong>in</strong></span> 
     </span>
     <span class='ocr_line' id='line_1_28' title="bbox 322 3139 1272 3222; baseline 0.002 -20"><span class='ocrx_word' id='word_1_177' title='bbox 322 3139 450 3203; x_wconf 89' lang='lat' dir='ltr'><strong>saltum</strong></span> <span class='ocrx_word' id='word_1_178' title='bbox 474 3140 662 3217; x_wconf 89' lang='lat' dir='ltr'><strong>contendit,</strong></span> <span class='ocrx_word' id='word_1_179' title='bbox 681 3141 801 3222; x_wconf 91' lang='lat' dir='ltr'><strong>paucis</strong></span> <span class='ocrx_word' id='word_1_180' title='bbox 817 3142 1024 3219; x_wconf 91' lang='lat' dir='ltr'><strong>comitatus;</strong></span> <span class='ocrx_word' id='word_1_181' title='bbox 1050 3160 1195 3222; x_wconf 90' lang='lat' dir='ltr'><strong>quorum</strong></span> <span class='ocrx_word' id='word_1_182' title='bbox 1218 3139 1272 3204; x_wconf 86' lang='lat' dir='ltr'><strong>fa·</strong></span> 
     </span>
     <span class='ocr_line' id='line_1_29' title="bbox 322 3234 1271 3322; baseline 0.002 -22"><span class='ocrx_word' id='word_1_183' title='bbox 322 3239 574 3303; x_wconf 88' lang='lat' dir='ltr'><strong>miliarissimus</strong></span> <span class='ocrx_word' id='word_1_184' title='bbox 599 3247 674 3303; x_wconf 90' lang='lat' dir='ltr'><strong>erat</strong></span> <span class='ocrx_word' id='word_1_185' title='bbox 688 3234 892 3305; x_wconf 86' lang='lat' dir='ltr'><strong>⁴Walterius</strong></span> <span class='ocrx_word' id='word_1_186' title='bbox 917 3248 1147 3322; x_wconf 86' lang='lat' dir='ltr'><strong>cognomento</strong></span> <span class='ocrx_word' id='word_1_187' title='bbox 1162 3240 1271 3318; x_wconf 87' lang='lat' dir='ltr'><strong>Tirel,</strong></span> 
     </span>
    </p>
   </div>
   <div class='ocr_carea' id='block_1_3' title="bbox 314 3418 1275 4253">
    <p class='ocr_par' dir='ltr' id='par_1_3' title="bbox 314 3418 1275 4253">
     <span class='ocr_line' id='line_1_30' title="bbox 355 3418 1271 3490; baseline -0.001 -20"><span class='ocrx_word' id='word_1_188' title='bbox 355 3418 557 3490; x_wconf 81' lang='lat' dir='ltr'><strong>¹Antelucchie.]</strong></span> <span class='ocrx_word' id='word_1_189' title='bbox 581 3421 615 3472; x_wconf 75' lang='lat' dir='ltr'><strong>A.</strong></span> <span class='ocrx_word' id='word_1_190' title='bbox 638 3424 667 3472; x_wconf 84' lang='lat' dir='ltr'><strong>S.</strong></span> <span class='ocrx_word' id='word_1_191' title='bbox 692 3425 722 3473; x_wconf 83' lang='lat' dir='ltr'><strong>G.</strong></span> <span class='ocrx_word' id='word_1_192' title='bbox 744 3424 780 3475; x_wconf 85' lang='lat' dir='ltr'><strong>D.</strong></span> <span class='ocrx_word' id='word_1_193' title='bbox 808 3423 915 3482; x_wconf 90' lang='lat' dir='ltr'><strong>ceived;</strong></span> <span class='ocrx_word' id='word_1_194' title='bbox 930 3422 977 3471; x_wconf 93' lang='lat' dir='ltr'><strong>but</strong></span> <span class='ocrx_word' id='word_1_195' title='bbox 993 3422 1111 3484; x_wconf 88' lang='lat' dir='ltr'><strong>Suger,a</strong></span> <span class='ocrx_word' id='word_1_196' title='bbox 1127 3426 1271 3484; x_wconf 87' lang='lat' dir='ltr'><strong>contempo-</strong></span> 
     </span>
     <span class='ocr_line' id='line_1_31' title="bbox 320 3493 1271 3557; baseline 0.001 -16"><span class='ocrx_word' id='word_1_197' title='bbox 320 3494 376 3542; x_wconf 78' lang='lat' dir='ltr'><strong>Ea.</strong></span> <span class='ocrx_word' id='word_1_198' title='bbox 389 3493 437 3553; x_wconf 89' lang='lat' dir='ltr'><strong>L.;</strong></span> <span class='ocrx_word' id='word_1_199' title='bbox 454 3493 640 3554; x_wconf 89' lang='lat' dir='ltr'><strong>antelucanum,</strong></span> <span class='ocrx_word' id='word_1_200' title='bbox 652 3494 677 3541; x_wconf 86' lang='lat' dir='ltr'><em>E</em></span> <span class='ocrx_word' id='word_1_201' title='bbox 687 3497 709 3543; x_wconf 90' lang='lat'><strong>1.</strong></span> <span class='ocrx_word' id='word_1_202' title='bbox 807 3508 866 3554; x_wconf 86' lang='lat' dir='ltr'><strong>rary</strong></span> <span class='ocrx_word' id='word_1_203' title='bbox 877 3493 1008 3552; x_wconf 72' lang='lat' dir='ltr'><strong>historiam,</strong></span> <span class='ocrx_word' id='word_1_204' title='bbox 1019 3493 1078 3553; x_wconf 87' lang='lat' dir='ltr'><strong>and,</strong></span> <span class='ocrx_word' id='word_1_205' title='bbox 1092 3506 1122 3540; x_wconf 85' lang='lat' dir='ltr'><strong>aa</strong></span> <span class='ocrx_word' id='word_1_206' title='bbox 1140 3493 1160 3540; x_wconf 93' lang='lat' dir='ltr'><strong>it</strong></span> <span class='ocrx_word' id='word_1_207' title='bbox 1178 3506 1271 3557; x_wconf 76' lang='lat' dir='ltr'><strong>seems,</strong></span> 
     </span>
     <span class='ocr_line' id='line_1_32' title="bbox 355 3557 1275 3631; baseline 0 -19"><span class='ocrx_word' id='word_1_208' title='bbox 355 3557 779 3631; x_wconf 69' lang='lat' dir='ltr'><strong>&#39;Utsumemm...lamoerent.]</strong></span> <span class='ocrx_word' id='word_1_209' title='bbox 807 3577 824 3610; x_wconf 86' lang='lat' dir='ltr'><strong>a</strong></span> <span class='ocrx_word' id='word_1_210' title='bbox 840 3562 923 3611; x_wconf 86' lang='lat' dir='ltr'><strong>friend</strong></span> <span class='ocrx_word' id='word_1_211' title='bbox 942 3562 970 3610; x_wconf 87' lang='lat' dir='ltr'><strong>of</strong></span> <span class='ocrx_word' id='word_1_212' title='bbox 984 3562 1061 3623; x_wconf 73' lang='lat' dir='ltr'><strong>Tirel,</strong></span> <span class='ocrx_word' id='word_1_213' title='bbox 1080 3562 1157 3611; x_wconf 85' lang='lat' dir='ltr'><strong>inhia</strong></span> <span class='ocrx_word' id='word_1_214' title='bbox 1169 3561 1225 3611; x_wconf 86' lang='lat' dir='ltr'><strong>Life</strong></span> <span class='ocrx_word' id='word_1_215' title='bbox 1244 3563 1275 3612; x_wconf 81' lang='lat' dir='ltr'><strong>oi</strong></span> 
     </span>
     <span class='ocr_line' id='line_1_33' title="bbox 320 3631 1270 3696; baseline 0 -15"><span class='ocrx_word' id='word_1_216' title='bbox 320 3631 349 3681; x_wconf 83' lang='lat' dir='ltr'><strong>S.</strong></span> <span class='ocrx_word' id='word_1_217' title='bbox 364 3634 393 3682; x_wconf 88' lang='lat' dir='ltr'><strong>C.</strong></span> <span class='ocrx_word' id='word_1_218' title='bbox 406 3633 441 3682; x_wconf 91' lang='lat' dir='ltr'><strong>D.</strong></span> <span class='ocrx_word' id='word_1_219' title='bbox 454 3634 486 3683; x_wconf 88' lang='lat' dir='ltr'><strong>E.</strong></span> <span class='ocrx_word' id='word_1_220' title='bbox 499 3633 546 3692; x_wconf 83' lang='lat' dir='ltr'><strong>L.;</strong></span> <span class='ocrx_word' id='word_1_221' title='bbox 563 3637 592 3680; x_wconf 92' lang='lat' dir='ltr'><strong>ut</strong></span> <span class='ocrx_word' id='word_1_222' title='bbox 603 3631 666 3681; x_wconf 86' lang='lat' dir='ltr'><strong>sumi</strong></span> <span class='ocrx_word' id='word_1_223' title='bbox 681 3635 779 3695; x_wconf 85' lang='lat' dir='ltr'><strong>magni·</strong></span> <span class='ocrx_word' id='word_1_224' title='bbox 807 3633 886 3680; x_wconf 84' lang='lat' dir='ltr'><strong>Louis</strong></span> <span class='ocrx_word' id='word_1_225' title='bbox 907 3632 931 3680; x_wconf 90' lang='lat' dir='ltr'><strong>le</strong></span> <span class='ocrx_word' id='word_1_226' title='bbox 949 3631 1017 3682; x_wconf 83' lang='lat' dir='ltr'><strong>Gros</strong></span> <span class='ocrx_word' id='word_1_227' title='bbox 1038 3632 1101 3694; x_wconf 88' lang='lat' dir='ltr'><strong>king</strong></span> <span class='ocrx_word' id='word_1_228' title='bbox 1118 3631 1147 3680; x_wconf 85' lang='lat' dir='ltr'><strong>of</strong></span> <span class='ocrx_word' id='word_1_229' title='bbox 1163 3632 1270 3696; x_wconf 86' lang='lat' dir='ltr'><strong>Franee,</strong></span> 
     </span>
     <span class='ocr_line' id='line_1_34' title="bbox 318 3701 1270 3765; baseline 0.001 -15"><span class='ocrx_word' id='word_1_230' title='bbox 318 3702 380 3751; x_wconf 89' lang='lat' dir='ltr'><strong>tudo</strong></span> <span class='ocrx_word' id='word_1_231' title='bbox 392 3704 467 3752; x_wconf 87' lang='lat' dir='ltr'><strong>etiam</strong></span> <span class='ocrx_word' id='word_1_232' title='bbox 479 3703 564 3751; x_wconf 88' lang='lat' dir='ltr'><strong>sidera</strong></span> <span class='ocrx_word' id='word_1_233' title='bbox 570 3702 779 3764; x_wconf 81' lang='lat' dir='ltr'><strong>obnubilaret,A.</strong></span> <span class='ocrx_word' id='word_1_234' title='bbox 807 3701 923 3764; x_wconf 78' lang='lat' dir='ltr'><strong>alluding</strong></span> <span class='ocrx_word' id='word_1_235' title='bbox 936 3706 962 3750; x_wconf 92' lang='lat' dir='ltr'><strong>to</strong></span> <span class='ocrx_word' id='word_1_236' title='bbox 979 3701 1022 3750; x_wconf 91' lang='lat' dir='ltr'><strong>the</strong></span> <span class='ocrx_word' id='word_1_237' title='bbox 1039 3701 1116 3750; x_wconf 84' lang='lat' dir='ltr'><strong>death</strong></span> <span class='ocrx_word' id='word_1_238' title='bbox 1132 3702 1162 3750; x_wconf 87' lang='lat' dir='ltr'><strong>ot&#39;</strong></span> <span class='ocrx_word' id='word_1_239' title='bbox 1175 3701 1270 3765; x_wconf 83' lang='lat' dir='ltr'><strong>Rufus,</strong></span> 
     </span>
     <span class='ocr_line' id='line_1_35' title="bbox 353 3769 1270 3835; baseline 0 -15"><span class='ocrx_word' id='word_1_240' title='bbox 353 3769 556 3835; x_wconf 82' lang='lat' dir='ltr'><strong>³Craditutem.]</strong></span> <span class='ocrx_word' id='word_1_241' title='bbox 573 3772 606 3821; x_wconf 77' lang='lat' dir='ltr'><strong>A.</strong></span> <span class='ocrx_word' id='word_1_242' title='bbox 624 3774 658 3822; x_wconf 90' lang='lat' dir='ltr'><strong>D.</strong></span> <span class='ocrx_word' id='word_1_243' title='bbox 679 3774 712 3822; x_wconf 90' lang='grc' dir='ltr'><strong>Ε.</strong></span> <span class='ocrx_word' id='word_1_244' title='bbox 730 3774 779 3835; x_wconf 89' lang='lat' dir='ltr'><strong>L.;</strong></span> <span class='ocrx_word' id='word_1_245' title='bbox 806 3773 933 3833; x_wconf 84' lang='lat' dir='ltr'><strong>observes,</strong></span> <span class='ocrx_word' id='word_1_246' title='bbox 954 3771 1151 3832; x_wconf 83' lang='lat' dir='ltr'><strong>‘Imponebatur</strong></span> <span class='ocrx_word' id='word_1_247' title='bbox 1175 3787 1191 3821; x_wconf 85' lang='lat' dir='ltr'><strong>a</strong></span> <span class='ocrx_word' id='word_1_248' title='bbox 1213 3772 1270 3832; x_wconf 90' lang='lat' dir='ltr'><strong>qui-</strong></span> 
     </span>
     <span class='ocr_line' id='line_1_36' title="bbox 318 3840 1269 3902; baseline 0.002 -14"><span class='ocrx_word' id='word_1_249' title='bbox 318 3841 501 3902; x_wconf 84' lang='lat' dir='ltr'><strong>crudelitatem,</strong></span> <span class='ocrx_word' id='word_1_250' title='bbox 513 3843 542 3891; x_wconf 84' lang='lat' dir='ltr'><strong>S.</strong></span> <span class='ocrx_word' id='word_1_251' title='bbox 556 3843 585 3892; x_wconf 84' lang='lat' dir='ltr'><strong>C.</strong></span> <span class='ocrx_word' id='word_1_252' title='bbox 806 3842 913 3890; x_wconf 85' lang='lat' dir='ltr'><strong>busdam</strong></span> <span class='ocrx_word' id='word_1_253' title='bbox 932 3842 1032 3889; x_wconf 89' lang='lat' dir='ltr'><strong>cuidam</strong></span> <span class='ocrx_word' id='word_1_254' title='bbox 1049 3841 1128 3890; x_wconf 91' lang='lat' dir='ltr'><strong>nobili</strong></span> <span class='ocrx_word' id='word_1_255' title='bbox 1144 3840 1269 3891; x_wconf 82' lang='lat' dir='ltr'><strong>Gualtero</strong></span> 
     </span>
     <span class='ocr_line' id='line_1_37' title="bbox 352 3909 1268 3974; baseline 0 -14"><span class='ocrx_word' id='word_1_256' title='bbox 352 3909 361 3937; x_wconf 90' lang='lat'><strong>⁴</strong></span> <span class='ocrx_word' id='word_1_257' title='bbox 377 3912 511 3961; x_wconf 80' lang='lat' dir='ltr'><strong>Walteriae</strong></span> <span class='ocrx_word' id='word_1_258' title='bbox 524 3915 677 3973; x_wconf 71' lang='lat' dir='ltr'><strong>regemberto</strong></span> <span class='ocrx_word' id='word_1_259' title='bbox 690 3911 778 3974; x_wconf 68' lang='lat' dir='ltr'><strong>Thea]</strong></span> <span class='ocrx_word' id='word_1_260' title='bbox 805 3911 1268 3974; x_wconf 81' lang='lat' dir='ltr'><strong>Tyrelloquodeumsagittaperiode·</strong></span> 
     </span>
     <span class='ocr_line' id='line_1_38' title="bbox 317 3978 1267 4043; baseline 0.004 -17"><span class='ocrx_word' id='word_1_261' title='bbox 317 3978 370 4028; x_wconf 82' lang='lat' dir='ltr'><strong>The</strong></span> <span class='ocrx_word' id='word_1_262' title='bbox 381 3982 500 4030; x_wconf 86' lang='lat' dir='ltr'><strong>tradition</strong></span> <span class='ocrx_word' id='word_1_263' title='bbox 515 3981 544 4029; x_wconf 87' lang='lat' dir='ltr'><strong>of</strong></span> <span class='ocrx_word' id='word_1_264' title='bbox 553 3982 664 4030; x_wconf 89' lang='lat' dir='ltr'><strong>William</strong></span> <span class='ocrx_word' id='word_1_265' title='bbox 684 3981 778 4043; x_wconf 78' lang='lat' dir='ltr'><strong>having</strong></span> <span class='ocrx_word' id='word_1_266' title='bbox 805 3987 859 4031; x_wconf 84' lang='lat' dir='ltr'><strong>rat:</strong></span> <span class='ocrx_word' id='word_1_267' title='bbox 876 3996 960 4043; x_wconf 89' lang='lat' dir='ltr'><strong>quem,</strong></span> <span class='ocrx_word' id='word_1_268' title='bbox 975 3996 1033 4029; x_wconf 92' lang='lat' dir='ltr'><strong>cum</strong></span> <span class='ocrx_word' id='word_1_269' title='bbox 1048 3996 1094 4030; x_wconf 88' lang='lat' dir='ltr'><strong>nee</strong></span> <span class='ocrx_word' id='word_1_270' title='bbox 1111 3982 1211 4030; x_wconf 89' lang='lat' dir='ltr'><strong>timeret</strong></span> <span class='ocrx_word' id='word_1_271' title='bbox 1220 3996 1267 4030; x_wconf 88' lang='lat' dir='ltr'><strong>nec</strong></span> 
     </span>
     <span class='ocr_line' id='line_1_39' title="bbox 316 4051 1269 4114; baseline 0.002 -17"><span class='ocrx_word' id='word_1_272' title='bbox 316 4051 417 4099; x_wconf 91' lang='lat' dir='ltr'><strong>methis</strong></span> <span class='ocrx_word' id='word_1_273' title='bbox 428 4051 504 4101; x_wconf 86' lang='lat' dir='ltr'><strong>death</strong></span> <span class='ocrx_word' id='word_1_274' title='bbox 522 4052 556 4112; x_wconf 89' lang='lat' dir='ltr'><strong>by</strong></span> <span class='ocrx_word' id='word_1_275' title='bbox 567 4051 609 4100; x_wconf 90' lang='lat' dir='ltr'><strong>the</strong></span> <span class='ocrx_word' id='word_1_276' title='bbox 620 4051 688 4099; x_wconf 86' lang='lat' dir='ltr'><strong>hand</strong></span> <span class='ocrx_word' id='word_1_277' title='bbox 700 4051 729 4098; x_wconf 86' lang='lat' dir='ltr'><strong>of</strong></span> <span class='ocrx_word' id='word_1_278' title='bbox 737 4051 778 4099; x_wconf 90' lang='lat' dir='ltr'><strong>Sir</strong></span> <span class='ocrx_word' id='word_1_279' title='bbox 804 4057 925 4114; x_wconf 85' lang='lat' dir='ltr'><strong>speraret,</strong></span> <span class='ocrx_word' id='word_1_280' title='bbox 932 4052 1100 4112; x_wconf 87' lang='lat' dir='ltr'><strong>jurejurando</strong></span> <span class='ocrx_word' id='word_1_281' title='bbox 1111 4052 1207 4112; x_wconf 84' lang='lat' dir='ltr'><strong>eaepiue</strong></span> <span class='ocrx_word' id='word_1_282' title='bbox 1222 4066 1269 4099; x_wconf 89' lang='lat' dir='ltr'><strong>au-</strong></span> 
     </span>
     <span class='ocr_line' id='line_1_40' title="bbox 316 4119 1266 4184; baseline 0.003 -18"><span class='ocrx_word' id='word_1_283' title='bbox 316 4119 413 4169; x_wconf 88' lang='lat' dir='ltr'><strong>Walter</strong></span> <span class='ocrx_word' id='word_1_284' title='bbox 431 4122 508 4184; x_wconf 90' lang='lat' dir='ltr'><strong>Tirel,</strong></span> <span class='ocrx_word' id='word_1_285' title='bbox 523 4122 609 4169; x_wconf 86' lang='lat' dir='ltr'><strong>whilst</strong></span> <span class='ocrx_word' id='word_1_286' title='bbox 626 4120 734 4182; x_wconf 83' lang='lat' dir='ltr'><strong>hunting</strong></span> <span class='ocrx_word' id='word_1_287' title='bbox 751 4123 775 4169; x_wconf 91' lang='lat' dir='ltr'><strong>iu</strong></span> <span class='ocrx_word' id='word_1_288' title='bbox 803 4122 913 4171; x_wconf 87' lang='lat' dir='ltr'><strong>divimus</strong></span> <span class='ocrx_word' id='word_1_289' title='bbox 929 4124 1003 4182; x_wconf 89' lang='lat' dir='ltr'><strong>quasi</strong></span> <span class='ocrx_word' id='word_1_290' title='bbox 1023 4125 1210 4170; x_wconf 80' lang='lat' dir='ltr'><strong>sacrosanctum</strong></span> <span class='ocrx_word' id='word_1_291' title='bbox 1224 4136 1266 4169; x_wconf 86' lang='lat' dir='ltr'><strong>aa·</strong></span> 
     </span>
     <span class='ocr_line' id='line_1_41' title="bbox 314 4188 1271 4253; baseline 0.005 -18"><span class='ocrx_word' id='word_1_292' title='bbox 314 4189 357 4238; x_wconf 91' lang='lat' dir='ltr'><strong>the</strong></span> <span class='ocrx_word' id='word_1_293' title='bbox 369 4191 435 4240; x_wconf 90' lang='lat' dir='ltr'><strong>New</strong></span> <span class='ocrx_word' id='word_1_294' title='bbox 448 4193 543 4252; x_wconf 75' lang='lat' dir='ltr'><strong>Fumat,</strong></span> <span class='ocrx_word' id='word_1_295' title='bbox 551 4188 577 4239; x_wconf 86' lang='lat' dir='ltr'><strong>is</strong></span> <span class='ocrx_word' id='word_1_296' title='bbox 597 4192 725 4253; x_wconf 80' lang='lat' dir='ltr'><strong>generally</strong></span> <span class='ocrx_word' id='word_1_297' title='bbox 737 4207 775 4240; x_wconf 88' lang='lat' dir='ltr'><strong>re·</strong></span> <span class='ocrx_word' id='word_1_298' title='bbox 804 4206 897 4253; x_wconf 83' lang='lat' dir='ltr'><strong>serere,</strong></span> <span class='ocrx_word' id='word_1_299' title='bbox 903 4191 971 4252; x_wconf 90' lang='lat' dir='ltr'><strong>quod</strong></span> <span class='ocrx_word' id='word_1_300' title='bbox 979 4206 1010 4240; x_wconf 90' lang='lat' dir='ltr'><strong>ea</strong></span> <span class='ocrx_word' id='word_1_301' title='bbox 1016 4191 1203 4240; x_wconf 89' lang='lat' dir='ltr'><strong>dieueciueam</strong></span> <span class='ocrx_word' id='word_1_302' title='bbox 1211 4205 1271 4253; x_wconf 88' lang='lat' dir='ltr'><strong>par·</strong></span> 
     </span>
    </p>
   </div>
   <div class='ocr_carea' id='block_1_4' title="bbox 0 0 1438 4868">
    <p class='ocr_par' dir='ltr' id='par_1_4' title="bbox 0 0 1438 4868">
     <span class='ocr_line' id='line_1_42' title="bbox 0 0 1438 4868; baseline 0 2"><span class='ocrx_word' id='word_1_303' title='bbox 0 0 1438 4868; x_wconf 95' lang='lat' dir='ltr'><strong> </strong></span> 
     </span>
    </p>
   </div>
  </div>
 </body>
</html>
