2866 4868
143 397 296 481 1.1n.1v.]
367 417 488 466 unsri>
508 419 633 468 nnouu
658 421 874 470 iuononuu.
1026 408 1092 475 525

145 574 246 653 Quod
272 577 365 640 omni
392 585 545 661 tempore
573 578 721 661 primum
742 579 915 664 jejunium
941 588 1092 663 quatuor

144 683 336 760 temporum
356 679 467 760 prima
490 678 705 743 hebdomada
720 679 1003 762 Quadragesimae
1018 681 1089 744 fiat.

145 775 248 854 Quod
271 777 407 841 ordines
430 780 523 842 omni
544 786 700 861 tempore
716 780 771 843 vel
793 781 830 842 in
845 800 989 863 vespere
1005 781 1091 845 Sab-

144 877 230 954 bati,
243 877 311 954 vel,
329 886 572 960 perseverante
584 879 731 963 jejunio,
748 880 784 943 in
798 881 984 947 Dominica
1004 881 1093 944 cele-

144 977 308 1043 brentur:
340 986 380 1042 ut
405 979 441 1040 in
466 978 619 1042 Sabbato
646 979 804 1056 Paschae,
826 1000 896 1044 non
924 981 990 1044 nisi
1012 990 1092 1063 post

144 1076 265 1140 horam
288 1097 416 1141 nonam
440 1077 588 1142 officium
615 1079 828 1159 celebretur3
857 1087 897 1143 ut
919 1080 1092 1164 jejunium

144 1177 332 1240 secundum
346 1178 382 1241 in
397 1178 614 1242 hebdomada
630 1173 872 1243 ¹Pentecostes
890 1181 1091 1245 celebretur.

147 1275 250 1354 Quod
265 1279 309 1341 ab
322 1275 488 1342 Adventu
504 1279 646 1342 Domini
663 1299 773 1362 usque
791 1279 835 1343 ad
847 1288 990 1345 octavas
1009 1279 1092 1364 Epi·

145 1377 295 1458 phaniae,
325 1385 360 1441 et
392 1398 414 1441 a
442 1378 707 1461 Septuagesirna
735 1399 846 1462 usque
873 1381 917 1443 ad
949 1387 1093 1444 octavas

147 1475 305 1554 Paschae,
330 1485 365 1542 et
394 1497 415 1541 a
441 1479 552 1559 prima
579 1479 633 1543 die
656 1479 894 1561 Rogationum
918 1481 1094 1562 usquead

145 1583 288 1641 octavas
303 1577 541 1656 Pentecostcs,
561 1586 596 1643 et
619 1598 641 1642 a
662 1586 787 1663 quarta
807 1579 894 1643 seria
917 1581 1093 1645 occidente

144 1676 218 1739 sole
242 1679 335 1741 omni
365 1686 519 1760 tempore
551 1699 661 1761 usque
691 1680 736 1742 ad
759 1680 945 1743 secundam
973 1679 1094 1744 feriam

145 1777 277 1842 oriente
294 1778 367 1842 sole
384 1772 514 1843 ²trevia
531 1780 599 1843 Dei
623 1779 848 1844 custodiatur.
902 1779 1003 1858 Quod
1020 1781 1093 1864 epi·

147 1896 289 1959 scopum
322 1879 381 1960 qui
416 1880 558 1962 ceperit,
593 1881 733 1943 omnino
770 1881 875 1943 exlex
914 1880 1093 1944 habeatur.

147 1976 251 2055 Quod
274 1978 335 2061 qui
356 1979 446 2041 sacri
468 1979 598 2042 ordinis
614 1980 708 2043 viros
726 1980 782 2043 vol
805 1999 923 2042 corum
945 1979 1094 2044 famulos

146 2079 288 2159 ceperit,
315 2077 500 2141 anathema
529 2080 585 2142 sit.
639 2078 742 2162 Quod
768 2081 828 2162 qui
855 2081 1094 2163 episcoporum

146 2177 203 2241 vel
232 2177 435 2242 clericorum
467 2179 686 2242 morientium
715 2180 807 2242 bona
836 2180 977 2262 ceperit,
1010 2200 1094 2244 ana-

147 2277 263 2342 thema
281 2278 338 2342 sit.
391 2277 494 2356 Quod
522 2279 582 2362 qui
610 2298 721 2361 usque
745 2280 790 2342 ad
812 2272 1012 2362 ³septimam
1034 2302 1095 2363 ge·

147 2379 360 2441 nerationem
383 2379 679 2460 consanguinitati
702 2397 739 2442 se
763 2379 990 2461 copulaverit,
1012 2400 1096 2443 ana-

148 2477 265 2542 thema
295 2478 352 2543 sit.
414 2477 516 2556 Quod
552 2498 652 2543 nemo
685 2479 722 2542 in
758 2480 957 2561 episcopum
988 2480 1096 2562 eliga-

147 2585 216 2654 tur,
251 2577 319 2640 nisi
347 2579 540 2661 presbyter,
570 2585 631 2643 aut
663 2579 841 2656 diaconus,
866 2587 927 2643 aut
956 2581 1096 2645 subdia-

87 2710 90 2714 ·
148 2696 267 2755 conus,
290 2684 325 2740 et
348 2678 404 2741 cui
424 2678 593 2741 natalium
613 2678 765 2760 dignitas
786 2678 1009 2761 suffragatur,
1031 2682 1098 2744 nisi

150 2777 302 2841 maxima
325 2778 531 2845 necessitate
546 2786 582 2842 et
595 2779 735 2842 licentia
751 2798 863 2861 papae.
916 2778 1020 2857 Quod
1037 2781 1099 2844 filii

150 2878 428 2961 presbyterorum
455 2877 510 2942 vel
542 2879 810 2942 concubinarum
843 2879 887 2942 ad
920 2881 1099 2963 presbyte-

150 2984 264 3041 ratum
282 2998 354 3041 non
379 2984 661 3061 promoveantur,
684 2980 751 3042 nisi
771 2980 866 3061 prius
890 2979 935 3042 ad
958 2981 1098 3062 religio-

148 3095 223 3140 sam
239 3076 348 3141 vitam
371 3077 582 3141 transierint.
636 3077 739 3156 Quod
764 3080 823 3162 qui
849 3079 894 3141 ad
918 3079 1098 3143 ecclesiam

149 3177 205 3241 vel
219 3177 262 3240 ad
280 3197 415 3240 crucem
436 3178 667 3259 confugerint,
683 3179 766 3242 data
782 3180 1011 3243 membrorum
1034 3180 1098 3242 im-

149 3278 319 3359 punitate,
333 3277 482 3361 justitiae
497 3278 693 3354 tradantur,
708 3277 763 3342 vel
788 3277 988 3341 innocentes
1013 3278 1098 3342 libe-

146 3386 279 3442 rentur.
332 3377 435 3456 Quod
452 3395 672 3458 unaquaeque
685 3377 831 3440 ecclesia
846 3376 997 3440 decimas
1016 3397 1099 3440 suas

186 3602 358 3655 ¹Peatecocter
368 3599 525 3672 calabrorum]
538 3605 567 3654 S.
576 3604 611 3654 D.
638 3603 742 3664 taching
769 3603 810 3652 his
838 3603 946 3654 follows.
992 3603 1019 3650 It
1045 3617 1101 3653 vves

150 3676 202 3732 E.;
218 3675 263 3724 fiat
273 3676 448 3736 Pentecostes,
458 3675 490 3726 L.
638 3673 739 3722 blamed
758 3675 793 3734 by
809 3688 877 3722 some
894 3673 997 3733 bishops
1016 3686 1045 3721 ns
1068 3688 1101 3722 an

183 3741 197 3773 ⁰²
216 3745 305 3794 Treuir
322 3745 394 3809 Dei]
415 3746 470 3794 The
492 3750 564 3794 truce
588 3742 617 3791 ol
639 3745 755 3793 occasion
772 3743 802 3792 of
815 3745 928 3805 perjury,
945 3742 994 3791 and
1013 3744 1103 3804 reject·

151 3815 211 3866 God
221 3829 277 3864 was
288 3817 342 3864 first
358 3814 477 3864 invented
494 3817 521 3862 in
532 3814 613 3876 Aqui·
640 3814 671 3862 ed
688 3815 722 3875 by
737 3814 780 3862 the
797 3814 924 3862 Normans
939 3828 968 3861 as
985 3818 1103 3875 contrary

150 3885 204 3934 tuin
224 3886 250 3933 in
267 3889 340 3935 1032.
376 3885 466 3934 Itvvas
484 3899 513 3932 so
532 3885 614 3934 called
639 3889 665 3932 to
686 3884 752 3932 their
773 3884 918 3945 privileges.
957 3881 1103 3947 (Ducange,

152 3954 215 4004 from
233 3955 277 4004 the
294 3969 428 4017 eagerness
444 3955 507 4003 with
530 3955 614 4003 which
641 3954 727 4003 Gloss.
755 3959 815 4003 tom.
838 3967 874 4002 v1.
898 3969 924 4014 p.
947 3957 1102 4004 osa-685.

64 4080 72 4085 .
152 4025 185 4074 its
195 4027 250 4074 first
264 4025 383 4088 proposul
393 4026 570 4075 wasreeeived
581 4025 614 4086 by
641 4024 747 4072 Consult
757 4025 811 4073 also
824 4024 985 4072 Robertson‘s
996 4023 1104 4073 charles

151 4095 195 4144 the
207 4095 328 4157 suffering
347 4097 437 4157 people
449 4095 478 4144 of
486 4110 561 4156 every
572 4096 616 4143 de·
640 4095 673 4154 V,
686 4095 734 4144 vol.
747 4091 780 4156 1.)

154 4180 228 4227 gree:
239 4166 333 4228 during
342 4166 385 4215 the
396 4167 457 4214 time
469 4165 617 4226 itendured,
676 4160 854 4227 ³Septimom.]
877 4163 912 4212 D.
928 4164 961 4212 E.
982 4163 1029 4222 1..;
1047 4177 1105 4210 sex·

154 4251 186 4285 no
197 4251 244 4285 one
255 4236 373 4285 daredto
386 4236 493 4297 infringe
505 4236 525 4284 it
536 4236 570 4295 hy
580 4238 617 4282 at·
641 4239 702 4294 tarn,
714 4234 744 4284 S.
1055 4261 1056 4264 =
1090 4256 1092 4262 ·
