2866 4868
188 412 258 460 cm.
275 393 327 476 v.]
411 411 526 461 cusrr
551 412 679 464 ancon
703 414 922 464 suenonun.
1073 403 1140 470 623

192 576 306 634 tractu
338 570 517 652 regionum
546 571 692 652 diffusa3
725 573 843 655 itaque
867 573 927 637 diu
952 573 1139 640 seditiones

192 670 376 734 intestinas
401 673 507 754 probe
531 670 670 750 tolerat,
688 679 723 736 et
748 692 834 755 pace
859 672 994 738 reddita
1014 675 1051 738 in
1072 674 1138 740 foe-

191 770 389 834 cundiorem
415 779 545 835 statum
577 779 712 836 mature
746 774 909 855 resurgit,
940 776 1137 840 turbatores

191 888 273 933 suos
286 870 380 934 illius
394 871 582 953 provinciae
596 871 724 937 diffisos
739 893 816 936 cum
827 873 967 938 libuerit
977 874 1015 938 iu
1028 874 1138 938 Fran-

192 970 281 1032 ciam
306 970 425 1035 liberis
448 971 660 1036 anfractibus
690 973 860 1037 emittens.
913 971 1046 1038 Contra
1062 972 1137 1038 An-

192 1069 265 1151 glia
281 1090 346 1134 nec
359 1071 418 1134 diu
441 1071 585 1145 infestos
600 1073 744 1154 patitur,
767 1070 827 1136 sed
847 1072 953 1136 semel
976 1074 1070 1137 intra
1091 1074 1139 1138 si·

191 1189 274 1232 num
289 1189 392 1234 suum
405 1178 563 1253 receptos
578 1171 633 1236 vel
649 1171 755 1249 dedit,
769 1171 825 1234 vel
841 1172 1036 1254 extinguit3
1060 1192 1136 1253 nec,

191 1269 415 1352 populatibus
431 1272 564 1348 attrita,
581 1271 773 1335 redivivum
789 1271 858 1335 cito
873 1278 979 1354 caput
994 1272 1136 1338 attollit.

193 1367 366 1447 Quocirca
388 1370 639 1435 Normanniam
660 1371 916 1435 Belesmitanus
931 1372 1085 1450 veniens,
1101 1380 1137 1437 et

191 1474 273 1533 tunc
297 1477 334 1534 et
359 1470 521 1552 deinceps
547 1470 669 1535 habuit
691 1470 920 1552 malignitatis
943 1491 1017 1535 suae
1042 1491 1136 1536 com-

191 1569 311 1651 plices,
337 1578 372 1635 et
396 1568 458 1655 (ne
483 1589 604 1652 parum
629 1567 820 1655 videretur)
842 1570 962 1635 illices.
1015 1570 1060 1634 In
1081 1571 1136 1637 his

191 1677 266 1734 erat
279 1669 476 1734 Willelmus
502 1689 616 1734 eomes
646 1668 834 1748 Moretolii,
858 1669 949 1734 filius
976 1669 1135 1750 Roberti,

192 1771 284 1851 regis
298 1771 427 1852 patrui.
479 1768 517 1834 Is
542 1788 712 1852 sempera
731 1790 838 1852 puero
855 1769 1000 1834 Henrici
1015 1771 1136 1853 gloriae

191 1869 342 1947 invidus,
356 1876 432 1933 tum
448 1871 598 1934 maxime
614 1870 651 1933 in
676 1869 828 1935 adventu
844 1868 1040 1934 Normanni
1054 1891 1136 1953 pra·

191 1989 272 2034 vum
297 1970 449 2033 animum
470 1971 619 2035 extulit:
646 1990 717 2034 non
740 1972 831 2033 enim
846 1976 1030 2034 contentus
1049 1969 1135 2035 duo·

190 2071 255 2133 bus
272 2070 503 2147 comitatibus,
514 2069 692 2134 Moretolii
706 2070 743 2133 in
757 2068 985 2147 Normannia,
1001 2068 1136 2134 Cornu·

191 2169 307 2251 galliae
328 2169 365 2232 in
379 2167 523 2251 Anglia,
542 2170 745 2235 comitatum
763 2169 910 2246 Centies,
933 2189 1035 2252 quem
1058 2169 1136 2234 Odo

190 2275 335 2350 patruus
359 2269 540 2347 habuerat,
566 2289 589 2334 a
614 2289 697 2350 roge
720 2270 901 2350 exigebat;
933 2268 1079 2333 infestus
1102 2277 1137 2334 et

189 2368 365 2450 improbus
381 2368 480 2447 adeo,
498 2379 536 2433 ut
552 2368 672 2433 infami
686 2370 886 2451 arrogantia
902 2387 940 2432 se
956 2368 1137 2434 devotaret

189 2488 259 2532 non
273 2468 475 2532 induturum
486 2469 701 2551 chlamydem
717 2469 784 2532 nisi
807 2488 829 2532 a
851 2476 976 2550 patruo
991 2466 1049 2554 (ut
1063 2469 1135 2533 die·

189 2565 333 2653 titabat)
349 2569 415 2632 sibi
438 2568 588 2632 refusam
604 2575 872 2652 consequeretur
886 2568 1134 2634 haereditatem.

189 2667 258 2732 Sed
282 2675 366 2732 tunc
389 2668 540 2751 quidem,
566 2669 726 2751 suspensi
751 2668 942 2733 calliditate
967 2670 1135 2752 responsi,

189 2769 376 2832 frustratus
391 2775 445 2833 est
459 2787 524 2831 rex
538 2768 827 2851 prudentissimus
848 2767 1042 2833 hominem:
1065 2769 1135 2833 dis-

189 2868 300 2933 cussis
314 2887 396 2932 vero
419 2869 625 2946 turbinibus,
643 2861 850 2951 ³serenoque
871 2870 968 2951 pacis
989 2868 1135 2948 reddito,

187 2988 256 3033 non
274 2969 387 3032 solum
401 2988 480 3051 quae
503 2970 645 3051 petebat
667 2988 737 3031 non
760 2969 893 3045 annuit,
909 2969 1135 3033 verumetiam

188 3068 339 3132 indebite
363 3075 499 3133 retenta
520 3074 676 3152 repetere
695 3069 824 3150 coepit3
847 3068 1001 3133 modeste
1018 3075 1135 3132 tamen

188 3175 224 3232 et
234 3167 393 3252 judiciali
404 3169 544 3251 placito,
558 3177 598 3232 ut
611 3169 696 3232 nihil
712 3167 805 3250 quod
818 3167 947 3232 faceret
962 3168 1136 3231 videretur

188 3269 357 3333 resultare
368 3269 441 3352 juri
458 3274 493 3332 et
509 3269 688 3333 calcitrare
712 3269 756 3331 ab
771 3287 883 3350 aequo.
934 3268 1034 3331 Tunc
1051 3287 1269 3332 verounum.

187 3367 398 3446 willelmus,
423 3370 596 3433 sententia
605 3368 727 3452 judicii
744 3374 951 3449 expunctus,
973 3368 1133 3450 indigna-

186 3467 329 3532 bundus
340 3474 376 3532 et
387 3467 536 3532 fremens
548 3468 801 3533 Normanniam
816 3467 922 3532 abiit:
938 3468 1135 3550 ibi,praeter

187 3567 341 3632 assaltus
366 3587 455 3651 quos
478 3568 584 3650 regiis
613 3568 765 3633 castellis
789 3567 908 3631 irritus
930 3567 1072 3645 fecerat,
1097 3569 1134 3632 in
1256 3634 1261 3641 ,

186 3660 377 3732 Ricardum
392 3688 530 3752 quoque
546 3669 705 3732 comitem
724 3667 955 3744 cestrensem,
971 3666 1134 3749 Hugonis

186 3767 308 3846 filium,
334 3768 578 3847 debacchatusr,
603 3768 770 3832 nonnulla
791 3768 947 3848 partibus
974 3768 1049 3851 ejus
1073 3787 1134 3850 ap-

185 3867 345 3950 pendicia
359 3867 500 3947 invasit,
518 3869 659 3952 carpsit,
676 3867 817 3930 abrasit.
870 3866 956 3931 Erat
975 3866 1034 3930 ille
1050 3874 1133 3931 tunc

185 3987 249 4050 pro
272 3974 377 4032 aetate
401 3968 580 4050 parvulus,
594 3975 629 4033 et
650 3967 743 4050 regis
766 3966 846 4030 fidei
868 3966 1055 4049 tutelaeque
1078 3987 1135 4031 ac·

185 4068 435 4141 commodatus.

212 4218 220 4249 ¹
230 4222 365 4286 Sesamus
373 4220 442 4284 pacis
453 4220 568 4284 reddita]
582 4221 611 4270 C.
621 4220 656 4269 D.
666 4217 699 4269 E.
706 4219 738 4268 L.
747 4233 755 4279 3
771 4232 909 4280 serenaque
917 4232 980 4280 pace
988 4217 1097 4279 reddita,
1105 4217 1135 4266 S.
