2866 4868
194 448 264 498 uin.
284 433 336 514 v.]
427 450 541 500 onsrn
560 452 688 502 nuncu
711 451 926 501 succorum.
1079 437 1145 501 645

193 605 317 670 biles.”
366 606 471 672 Dices
484 608 603 692 itaque
621 609 729 674 “Mei
742 609 808 674 hoc
819 609 910 693 juris
924 609 1011 674 est.''
1058 609 1141 675 Non

194 705 336 789 utique:
360 727 430 771 non
453 716 507 774 est
531 711 803 794 imperatorium,
825 730 895 774 non
916 711 1062 791 regium,
1078 712 1138 775 sed

194 803 369 887 divinum3
386 809 494 872 solius
508 809 601 873 illius
616 818 669 874 est
684 811 744 892 qui
758 811 848 875 dixit
860 815 883 844 “
895 809 972 892 Ego
987 829 1063 873 sum
1081 830 1136 874 os·

194 905 317 970 tium.''
368 907 470 973 Unde
485 929 548 992 pro
563 910 640 992 ipso
654 918 690 974 te
704 929 801 992 rogo,
816 911 916 995 cujus
931 910 996 973 hoc
1011 929 1137 975 munus

192 1013 258 1083 est,
272 1013 313 1071 ut
326 1006 449 1072 reddas
463 1008 529 1073 boc
545 1010 632 1092 ipsi3
647 1011 715 1093 ipsi
731 1010 898 1087 dimittas,
912 1010 1012 1093 cujus
1027 1012 1137 1074 amori

192 1105 296 1170 etiam
313 1126 392 1189 quee
407 1115 469 1172 tua
494 1116 575 1173 sunt
595 1110 710 1175 debes.
761 1109 838 1174 Nos
857 1117 972 1174 autem
990 1129 1052 1173 cur
1065 1117 1134 1174 tuce

191 1205 424 1271 obniteremur
439 1208 624 1288 voluntati,
641 1230 702 1274 cur
724 1209 968 1275 obsisteremus
989 1210 1133 1292 gratiae3

191 1306 257 1370 nisi
271 1306 352 1384 Dei,
367 1308 404 1371 in
418 1308 522 1394 hujus
537 1310 669 1391 negotii
682 1329 865 1387 consensu,
879 1309 1045 1373 sciremus
1070 1329 1134 1374 nos

189 1406 364 1471 voluntati
384 1408 537 1486 obviare,
562 1411 712 1491 gratiam
734 1411 919 1474 amitteret
971 1407 1044 1473 Cur
1070 1411 1134 1474 tibi

189 1507 375 1589 quicquam
397 1527 614 1590 negaremus,
636 1509 728 1592 quod
755 1511 916 1592 cuiquam
937 1517 1030 1574 esset
1045 1528 1134 1573 mor-

189 1605 311 1670 talium
338 1608 605 1686 concedendum,
630 1629 708 1674 cum
733 1610 900 1674 beneficia
928 1608 1032 1673 dete
1058 1628 1132 1673 am·

187 1706 301 1790 pliora
326 1709 597 1790 sumpserimusl
650 1708 815 1793 Prospice
828 1710 895 1796 (fili
917 1707 1133 1796 charissime)

190 1813 306 1870 utrum
327 1807 431 1871 decus
446 1828 492 1872 an
509 1808 656 1873 dedecus
674 1809 737 1875 tibi
759 1809 816 1887 sit,
834 1810 926 1892 quod
948 1809 1132 1891 sapientis·

188 1906 296 1970 simus
315 1925 357 1971 ac
374 1908 653 1990 religiosissimus
672 1908 932 1974 Gallicanorum
955 1909 1134 1991 episcopo-

188 2026 265 2070 rum
290 2004 477 2072 Anselmus
499 2017 640 2093 propter
660 2010 727 2074 hoc
747 2016 806 2074 tuo
822 2010 923 2074 lateri
945 2008 1132 2088 adhaerere,

187 2112 250 2170 tuo
262 2114 403 2172 veretur
416 2109 453 2172 in
467 2129 575 2191 regno
590 2111 789 2174 consistere.
835 2108 907 2188 Qui
923 2115 1024 2172 tanta
1040 2108 1082 2171 de
1097 2116 1132 2173 te

187 2207 280 2271 bona
304 2207 472 2273 hactenus
499 2208 693 2287 audierant,
720 2208 869 2292 quidde
897 2216 932 2272 te
956 2208 1131 2273 sentienti

186 2306 270 2389 quid
287 2306 484 2390 loquentur,
501 2328 580 2372 cum
602 2309 667 2373 hoc
683 2309 788 2374 fuerit
806 2310 843 2372 in
868 2307 1066 2390 regionibus
1079 2308 1131 2371 di·

185 2406 393 2488 vulgatuml
446 2408 520 2492 Ipsi
534 2407 595 2492 qui
608 2428 723 2473 coram
739 2416 774 2473 te
791 2415 871 2473 tuos
890 2426 1054 2472 excessus
1070 2426 1131 2471 ex-

186 2506 327 2585 tollunt,
351 2527 429 2572 cnm
453 2509 639 2591 praesentia
661 2515 723 2573 tua
752 2508 938 2584 caruerint,
964 2507 1030 2571 hoc
1052 2527 1132 2590 pro÷

186 2605 279 2671 fecto
302 2608 450 2672 validius
479 2608 707 2674 infamabunt.
760 2608 850 2673 Redi
878 2627 961 2690 ergo
984 2607 1132 2693 (charis
1256 2652 1262 2660 .

187 2707 274 2771 sime
286 2704 354 2793 fili)
369 2707 413 2773 ad
429 2716 600 2773 cortuum
619 2717 761 2793 propter
778 2706 1048 2773 misericordiam
1065 2707 1132 2770 Ilei

187 2813 223 2871 et
235 2813 378 2890 propter
389 2827 540 2872 amorem
553 2808 732 2891 Unigeniti
748 2809 990 2892 deprecamur:
1007 2827 1133 2870 revoca

186 2913 361 2990 pastorem
381 2915 491 2985 tuum,
508 2927 633 2974 revoco
647 2916 781 2991 patrem
798 2915 895 2972 tuum
909 2929 917 2986 3
936 2914 971 2970 et
989 2906 1019 2970 si
1036 2907 1131 2988 quid,

186 3007 280 3091 quod
294 3026 363 3073 non
380 3008 573 3090 opinamur,
588 3007 728 3090 gravius
745 3007 912 3073 adversus
926 3014 960 3071 te
973 3004 1132 3088 gesserit,

187 3108 218 3172 si
230 3107 458 3173 investituras
474 3114 656 3172 aversatus
671 3107 790 3185 fueris,
812 3126 875 3171 nos
887 3106 994 3190 juxta
1007 3104 1132 3170 volun-

188 3215 297 3274 tatem
308 3215 418 3286 tuam,
431 3214 601 3291 quantum
617 3228 695 3273 cnm
713 3208 791 3272 Deo
802 3225 997 3290 possumus,
1015 3205 1132 3269 mode·
1247 3205 1250 3215 '

101 3332 104 3336 ’
187 3308 363 3373 rebimur:
387 3315 426 3372 tu
439 3315 556 3372 tamen
570 3308 653 3372 talis
667 3308 813 3391 repulsae
827 3306 1004 3370 infamiam
1018 3325 1040 3368 a
1054 3325 1133 3388 per·
1151 3342 1156 3359 ·

187 3427 275 3474 sona
290 3415 354 3472 tua
370 3415 406 3472 et
419 3427 528 3491 regno
547 3427 737 3472 removeas.
789 3407 879 3471 Haec
894 3407 924 3470 si
941 3403 1075 3482 feceris,
1098 3415 1134 3471 et

187 3509 219 3575 si
234 3508 358 3592 gravia
371 3509 535 3591 quaelibet
549 3507 684 3573 anobis
698 3507 851 3590 petieris,
868 3525 946 3588 quae
960 3525 1038 3568 cnm
1055 3505 1134 3570 Deo

185 3608 333 3693 praeberi
347 3607 496 3673 facultas
518 3609 576 3686 sit,
598 3606 754 3692 profecto
771 3605 1002 3687 consequeris,
1020 3612 1055 3668 et
1070 3624 1135 3687 pro

186 3716 223 3772 te
238 3707 426 3773 Dominum
448 3707 526 3791 ipso
546 3708 735 3792 adjuvante
750 3725 895 3771 exorere
915 3705 1132 3785 curabimus3

187 3808 284 3874 etde
306 3807 460 3891 peccetis
474 3814 546 3871 tam
563 3808 627 3872 tibi
647 3826 750 3890 quam
766 3805 907 3890 conjugi
931 3813 1013 3882 tuce,
1034 3822 1136 3867 sanc-

187 3915 302 3973 torum
320 3906 556 3990 apostolorum
578 3906 722 3983 meritis,
741 3905 993 3986 indulgentiam
1017 3911 1052 3967 et
1075 3905 1135 3967 ab·

188 4008 395 4074 solutionem
410 4005 585 4070 faciemus.
628 4006 755 4069 Filium
772 4012 889 4069 autem
905 4011 1016 4080 tuum,
1031 4023 1133 4086 quem

187 4128 232 4174 ex
247 4106 428 4192 spectabili
442 4113 478 4170 et
491 4107 644 4189 gloriosa
658 4106 806 4190 conjuge
820 4104 1015 4187 suscepisti,
1030 4123 1133 4184 quem

192 4209 251 4297 (ut
277 4203 489 4292 audivimus)
518 4208 649 4289 egregii
681 4207 791 4289 patris
807 4205 974 4271 Willelmi
1002 4204 1140 4270 nomine

915 4304 938 4369 2
960 4322 985 4370 c
