2866 4868
186 424 257 473 mn.
272 406 323 487 v.]
415 421 530 470 unsri
553 423 681 472 annun
704 422 919 474 nuenonun.
1070 410 1137 474 617

187 581 285 645 tabat
309 581 353 643 ad
379 578 629 662 navigandum,
658 579 833 644 Henricus
854 580 891 643 in
917 579 1134 646 Britanniam
1147 599 1270 640 nomon.

187 679 264 762 ejus
279 681 382 763 jussu
399 682 625 745 abscesserat.
677 680 768 743 Tum
785 681 855 758 ille,
872 681 1054 745 occasione
1073 701 1135 746 au-

183 787 326 862 cupata,
343 800 478 844 omnem
494 779 590 843 illam
605 780 827 863 pecuniarum
843 781 913 845 vim
927 787 1135 846 testamento

187 880 297 963 patris
325 879 581 944 adolescentulo
619 881 784 961 legatam,
812 899 890 962 quae
926 888 1001 944 erat
1030 882 1133 947 trium

187 979 332 1043 millium
355 986 570 1066 marcarum,
602 980 638 1042 in
676 979 919 1062 stipendiarios
955 999 1037 1044 suos
1072 983 1134 1045 ab·

186 1079 356 1162 sumpsit':
397 1066 445 1142 -l'd
473 1079 648 1142 Henricus
675 1098 846 1157 reversus,
877 1081 958 1144 licet
988 1080 1133 1146 forsitan

187 1199 280 1260 aegre
293 1178 443 1255 tulisset,
454 1180 627 1243 taciturna
640 1181 807 1262 praeteriit
816 1180 1006 1259 industria;
1025 1182 1132 1244 enim·

187 1298 283 1357 vero,
319 1279 484 1343 nunciata
515 1279 612 1363 pacis
648 1279 896 1363 compositione
928 1281 964 1345 in
988 1278 1133 1361 Anglia,

190 1377 347 1462 deposita
361 1379 486 1443 militia
508 1379 611 1443 serias
634 1379 738 1443 armis
761 1380 895 1444 dedere.
947 1378 1071 1444 Comes
1096 1382 1133 1444 in

188 1496 262 1556 sua,
275 1479 394 1563 junior
406 1479 442 1542 in
458 1498 501 1542 ea
517 1498 595 1561 quae
610 1479 718 1543 frater
733 1499 817 1543 suus
832 1479 974 1544 dederat
982 1480 1038 1544 vel
1052 1500 1133 1562 pro·

187 1580 339 1656 miserat,
361 1579 542 1658 discessit;
565 1598 714 1662 namque
734 1587 769 1644 et
791 1579 828 1642 in
849 1587 1030 1663 acceptum
1052 1600 1132 1662 pro-

189 1679 295 1742 missa
317 1678 499 1756 referebat,
518 1679 716 1743 custodiens
741 1680 863 1745 turrim
885 1680 1074 1760 Rotomagi
1095 1681 1133 1744 in

184 1779 264 1862 ejus
279 1778 499 1843 fidelitatem:
524 1778 584 1842 sed
600 1779 772 1842 delatione
785 1779 1012 1862 pessimorum
1028 1780 1133 1844 cessit

183 1878 224 1972 in
241 1879 424 1945 adversum
445 1878 606 1956 fidelitas,
624 1886 659 1942 et
674 1879 770 1943 nulla
791 1899 855 1943 sua
877 1878 979 1962 culpa
999 1880 1035 1941 in
1056 1878 1132 1961 ipso

188 1979 307 2043 eodem
332 1978 410 2043 loco
435 1978 611 2042 Henricus
642 1979 749 2042 libere
774 1980 967 2043 custoditus
996 1986 1061 2055 est,
1088 1999 1131 2042 ne

188 2087 402 2144 servatorum
436 2079 650 2158 diligentiam
678 2079 804 2160 effugio
831 2078 975 2143 luderet.
1044 2077 1132 2142 Post

188 2179 337 2243 medium
351 2188 478 2242 annum
492 2179 645 2256 laxatus,
663 2178 762 2242 fratri
775 2178 952 2242 Willelmo
969 2177 1132 2242 invitanti

145 2361 149 2366 .
188 2279 397 2343 serviturum
423 2298 461 2342 se
483 2278 629 2358 obtulit;
653 2285 690 2341 at
714 2278 784 2355 ille,
807 2277 915 2342 nihilo
940 2277 1131 2341 modestius

188 2378 357 2462 ephebum
377 2398 612 2455 remunerans,
628 2379 707 2461 plus
731 2397 821 2442 anno
842 2378 1002 2441 inanibus
1028 2397 1132 2460 spon-

187 2479 343 2543 sionibus
357 2485 515 2560 egentem
532 2478 675 2542 distulit.
727 2477 961 2560 Quapropter,
978 2478 1133 2542 Roberto

188 2578 461 2643 emendationem
498 2576 583 2641 facti
619 2598 681 2660 per
711 2578 856 2641 nuncios
899 2579 1133 2661 promittente,

189 2677 437 2743 Normanniam
462 2678 568 2754 venit,
592 2679 768 2742 amborum
795 2678 940 2742 fratrum
966 2684 1133 2760 expertus

185 2777 343 2843 insidias.
395 2777 489 2842 Nam
507 2784 542 2840 et
555 2797 629 2854 rex,
644 2798 707 2860 pro
729 2779 868 2861 repulsa
882 2778 1004 2855 iratus,
1022 2783 1062 2840 ut
1078 2796 1132 2840 re-

188 2879 354 2943 tineretur
374 2876 505 2942 frustra
530 2876 731 2957 mandarat;
764 2885 799 2941 et
831 2897 957 2955 comes,
991 2897 1133 2940 accusa·

188 2974 303 3042 turrim
333 2977 512 3042 lenociniis
542 2985 708 3055 mutatuS,
731 2977 946 3042 voluntatem
969 2983 1133 3053 verterat,

188 3085 228 3142 ut
241 3076 418 3141 blanditiis
434 3084 655 3141 attrectatum
669 3098 738 3141 non
754 3078 805 3141 ita
819 3077 918 3140 facile
934 3076 1131 3140 dimitteret.

189 3177 321 3244 Verum
344 3178 415 3254 ille,
432 3177 500 3240 Dei
522 3176 740 3260 providentia
762 3183 797 3240 et
819 3176 937 3257 sagaci
963 3193 1027 3238 sua
1055 3175 1133 3238 dili-

190 3278 309 3360 gentia
345 3284 470 3342 cuncta
505 3277 655 3341 evadens
699 3275 864 3359 pericula,
907 3275 1133 3357 occupatione

189 3375 420 3442 Abrincarum
451 3383 486 3440 et
518 3376 733 3458 quorundam
766 3374 987 3438 castellorum
1019 3373 1134 3455 coegit

189 3476 330 3541 fratrem
344 3477 491 3540 libenter
507 3477 585 3558 paci
600 3494 739 3539 manum
755 3475 890 3539 dedere.
933 3473 1009 3536 Nec
1025 3473 1133 3536 multo

189 3584 281 3660 post,
291 3576 465 3643 Willelmo
475 3577 633 3640 veniente
650 3577 687 3638 in
703 3575 954 3638 Normanniam
968 3573 1020 3636 uti
1037 3592 1074 3635 se
1092 3573 1134 3635 de

189 3676 296 3741 fratre
319 3676 474 3740 Roberto
503 3674 737 3752 ulcisceretur,
765 3674 882 3737 comiti
897 3704 899 3709 ·
914 3672 1134 3753 obsequelam

189 3796 290 3841 suam
305 3775 474 3851 exhibuit,
492 3775 682 3855 Rotomagi
697 3768 858 3856 ¹positus
906 3772 1066 3852 Denique
1080 3791 1134 3834 re·

190 3877 267 3959 gios
282 3896 323 3940 eo
340 3875 489 3938 interdiu
506 3874 696 3949 venientes,
711 3874 770 3954 qui
785 3873 864 3936 dolo
887 3872 1012 3935 civium
1025 3865 1135 3935 totam

185 3974 393 4062 jampridem
418 3980 672 4056 occupaverant
701 3974 832 4049 urbem,
860 3972 966 4053 probe
989 3971 1135 4054 expulit,

366 4228 374 4260 ¹
387 4229 509 4292 Positna]
526 4227 559 4277 Α.
574 4230 604 4279 C.
616 4228 651 4276 D.
665 4228 696 4275 E.
708 4225 755 4286 L.;
772 4227 917 4286 proventus,
929 4221 957 4272 S.
