2866 4868
175 2675 230 2720 A-D.
241 2676 298 2714 1119.

329 388 395 452 652
544 401 659 451 onera
682 401 808 452 aucun
832 400 1047 450 ancnoauu.
1139 387 1229 469 [arn.
1245 403 1281 449 v.

331 581 411 625 nam
429 569 464 626 et
481 562 525 640 ei,
541 563 600 627 vix
612 562 692 627 dum
706 561 886 627 duodecim
903 579 1072 624 annorum
1087 566 1193 638 esset,
1210 579 1284 623 oms

331 681 393 726 nes
410 662 508 726 liberi
525 662 680 727 homines
696 659 836 744 Angliae
860 669 895 727 et
911 659 1148 736 Normanniae,
1164 659 1283 743 cujus·

332 781 467 845 cunque
487 762 614 826 ordinis
632 770 667 827 et
685 762 878 844 dignitatis,
900 761 1136 845 cujuscunque
1150 758 1283 824 domini

332 861 463 940 fideles,
485 863 643 927 manibus
666 870 701 926 et
723 868 941 927 sacramento
963 880 1001 925 se
1021 859 1145 924 dedere
1168 858 1284 924 coacti

334 969 426 1026 sunt.
479 961 605 1027 Filiam
622 981 760 1045 quoque
776 961 942 1027 Falconis
963 961 1099 1025 comitis
1115 956 1284 1042 Andaga-

302 1071 307 1079 ·
333 1062 450 1126 vensis
465 1062 526 1126 vix
542 1062 693 1126 nubilem
707 1062 782 1146 ipse
797 1062 903 1127 etiam
916 1060 1066 1144 impubis
1081 1053 1284 1142 ¹despondit

335 1169 371 1227 et
387 1162 533 1245 accepit,
551 1162 634 1226 dato
650 1162 717 1226 sibi
731 1181 753 1225 a
767 1180 886 1226 socero
904 1161 1069 1226 comitatu
1086 1159 1284 1224 Cenoman-

334 1262 413 1325 nico
436 1281 500 1345 pro
526 1281 668 1327 munere
689 1261 919 1344 sponsalicio:
943 1260 1027 1345 quin
1049 1267 1084 1325 et
1106 1259 1284 1346 lerosoly-

334 1381 426 1424 mam
442 1361 552 1426 Fulco
573 1363 623 1427 ire
642 1361 867 1440 contendens,
880 1361 1083 1426 comitatum
1107 1379 1283 1424 commen·

335 1460 434 1526 davit
455 1462 530 1543 regi
557 1481 670 1538 suum,
694 1462 725 1526 si
749 1453 919 1542 'viveret3
950 1460 1105 1525 futurum
1125 1459 1284 1543 profecto

336 1561 466 1642 generi,
494 1562 523 1626 si
550 1581 619 1626 non
643 1561 781 1626 rediret.
834 1560 959 1625 Plures
986 1580 1070 1643 ergo
1095 1560 1284 1643 provinciae

336 1662 542 1743 spectabant
559 1670 681 1726 nutum
696 1661 807 1745 pueri,
824 1661 1082 1744 putabaturque
1104 1659 1198 1742 regis
1214 1659 1286 1724 Ed-

336 1761 445 1825 wardi
459 1762 662 1827 vaticinium
680 1762 717 1824 in
738 1781 780 1827 eo
803 1760 1067 1844 complendum3
1093 1759 1286 1839 ferebatur·

336 1879 404 1942 que
430 1879 509 1944 spes
524 1859 676 1944 Angliae‚
691 1855 811 1926 ³modo
837 1860 970 1925 arboris
993 1860 1141 1938 succisa,
1160 1858 1198 1923 in
1222 1858 1284 1925 illo

331 1959 521 2043 juvenculo
534 1961 661 2026 iterum
676 1961 819 2026 floribus
841 1961 1039 2044 pubescere,
1054 1960 1188 2024 fruetus
1204 1979 1286 2042 pro·

337 2059 487 2138 trudere,
515 2069 550 2125 et
575 2060 653 2125 ideo
687 2061 790 2125 finem
814 2061 983 2125 malorum
1011 2060 1144 2143 sperari
1170 2078 1286 2142 posse.

337 2159 415 2224 Deo
438 2161 540 2225 aliter
553 2162 688 2240 visum3
711 2160 949 2245 hujuscemodi
971 2160 1063 2225 enim
1088 2159 1285 2243 opinionem

340 2260 494 2325 tulerunt
509 2280 615 2340 aurae,
643 2261 736 2344 quod
759 2281 837 2326 eum
859 2261 1019 2344 proxima
1040 2260 1113 2324 dies
1138 2259 1288 2342 urgebat

339 2359 413 2423 fato
443 2360 654 2425 satisfacere.
707 2361 892 2426 Enimvero
924 2380 1044 2425 socero
1074 2367 1156 2425 tunc
1186 2359 1287 2423 anni·

339 2465 447 2536 tante,
461 2459 632 2543 simulque
641 2459 836 2526 Thetbaldo
850 2459 922 2524 filio
936 2459 1104 2543 Stephani
1117 2466 1154 2524 et
1163 2456 1287 2523 Adalae

339 2559 467 2637 amitae,
501 2560 707 2624 Loduwicus
743 2579 806 2625 rex
844 2560 1002 2624 Franciae
1035 2559 1287 2625 Normanniam

339 2660 510 2723 concessit
527 2680 646 2742 puero,
665 2667 704 2724 ut
718 2660 811 2726 facto
833 2661 899 2724 sibi
921 2659 1073 2725 hominio
1094 2658 1289 2743 possideret

340 2779 416 2822 eam
438 2761 519 2844 jure
544 2760 721 2842 legitimo:
746 2760 928 2825 ordinabat
953 2759 1028 2824 haec
1053 2766 1089 2824 et
1116 2757 1288 2823 efficiebat

338 2859 598 2942 prudentissimi
628 2861 739 2943 patris
776 2859 971 2944 prudentia,
1006 2866 1047 2924 ut
1083 2857 1287 2936 hominium,

339 2959 431 3042 quod
459 2960 533 3042 ipse
558 2979 622 3042 pro
646 2960 794 3024 culmine
819 2960 953 3043 imperii
973 2958 1147 3023 fastidiret
1159 2957 1288 3036 facere,

338 3060 431 3123 filius
448 3059 630 3138 delicatuS,
646 3066 682 3123 et
703 3060 763 3144 qui
785 3060 973 3143 putabatur
989 3058 1082 3124 viam
1104 3057 1212 3122 seculi
1234 3059 1288 3122 in·

338 3179 534 3240 gressurus‚
550 3180 621 3224 non
643 3167 827 3226 recusaret.
880 3158 950 3223 His
971 3158 1144 3241 agitandis
1159 3164 1195 3221 et
1210 3158 1288 3242 pla·

339 3260 409 3322 cita
437 3259 627 3324 'concordia
663 3258 908 3342 componendis
937 3266 1088 3343 quatuor
1118 3277 1288 3323 annorum

338 3365 474 3441 tempus
508 3380 571 3422 rex
594 3360 774 3442 impendit,
807 3361 842 3422 in
869 3358 1088 3423 Normannia
1115 3364 1190 3422 toto
1220 3357 1288 3422 hoc

338 3465 492 3541 tempore
517 3465 683 3522 moratus.
736 3458 975 3524 Veruntamen
999 3466 1071 3523 tam
1096 3456 1288 3540 splendidae

336 3566 372 3626 et
389 3559 598 3640 excogitatae
620 3559 717 3641 pacis
740 3578 912 3637 serenum,
938 3566 1010 3624 tam
1031 3557 1183 3623 omnium
1207 3576 1289 3642 spes

335 3782 420 3832 fuerat
436 3783 612 3844 comminatus,
622 3783 700 3844 quod,
716 3783 739 3831 01
755 3783 802 3831 ali-
825 3782 951 3844 daughter
968 3783 998 3832 01
1016 3783 1059 3832 the
1078 3783 1132 3832 eorl
1150 3783 1180 3833 01
1193 3783 1292 3849 Anjou,

335 3853 802 3915 quandosupereosregnaret,saceret
825 3867 892 3903 were
915 3853 1059 3903 celebrated
1080 3853 1195 3903 iudane
1215 3857 1290 3919 1119,

335 3936 379 3970 000
401 3923 433 3970 ad
464 3927 576 3976 aratrum
603 3923 702 3975 trahere
724 3924 799 3984 quasi
825 3923 909 3972 before
921 3922 1236 3975 thecouncilotheims.

335 3993 428 4044 boves:
452 3993 497 4041 ead
509 4007 554 4053 spe
572 4008 619 4041 sua
630 3994 799 4042 choruscabili
859 3991 1005 4058 ‘Vives-et]
1021 3994 1055 4046 A.
1076 3995 1106 4044 G.
1125 3994 1161 4044 D.
1178 3995 1228 4056 Ε.;
1246 4010 1290 4046 ve·

335 4061 386 4110 Dei
399 4063 512 4111 vindicta
523 4077 579 4112 eum
591 4063 650 4115 aliis
661 4063 788 4125 deperiit)
823 4063 897 4124 niret,
909 4063 938 4113 S.
949 4064 1003 4113 La.

371 4129 554 4196 'Despondit.]
570 4132 624 4180 The
644 4133 756 4193 nuptiale
772 4133 802 4180 of
858 4131 959 4182 ³Modo
978 4134 1073 4183 arboris
1100 4133 1214 4198 succisa]
1239 4135 1288 4186 See

335 4201 427 4256 l’riuce
451 4202 562 4252 William
587 4202 649 4252 with
677 4202 797 4266 Matilda,
809 4202 834 4273 11
847 4207 904 4266 226,
915 4220 941 4266 p.
954 4207 1010 4255 ael.
