2866 4868
192 419 263 469 ms.
279 405 323 489 a]
474 423 651 473 maroam
675 425 854 478 novumn.
1075 413 1142 479 705

191 580 380 645 centesimo
391 579 578 646 ¹tricesimo
600 590 715 662 sexto,
739 591 873 669 postea,
888 585 980 667 regis
996 582 1141 650 Henrici

190 698 330 762 corpus,
353 680 488 746 lenibus
514 681 631 745 flabris
656 684 881 766 spirantibus
913 685 1032 749 statim
1061 693 1141 769 post

192 777 323 844 Natale
334 780 476 845 Domini
488 781 688 864 impositum
697 782 951 866 naviAngliam
959 785 1141 850 devectum

189 885 264 959 est;
298 886 334 944 et
362 879 455 963 apud
482 880 706 964 Radingense
736 884 944 962 coenobium,
972 881 1083 970 (quod
1105 893 1141 950 ct

190 976 275 1042 foris
288 979 495 1062 praediorum
520 983 770 1064 magnitudine,
788 989 825 1047 et
843 983 939 1047 intus
960 984 1141 1066 religioso·

190 1097 267 1141 rum
284 1081 532 1144 monachorum
553 1081 672 1144 ordine
694 1079 948 1165 decoraverat)
970 1091 1140 1165 praesente

190 1177 289 1259 regni
302 1197 513 1256 successore,
532 1178 712 1242 humatum
727 1190 792 1245 est.
832 1180 963 1263 Postea
976 1201 1059 1255 vero
1076 1202 1139 1246 rex

189 1275 389 1359 Stephanus
404 1277 441 1341 iu
457 1276 811 1343 Northanhumbriam
825 1279 930 1363 paulo
944 1288 1024 1345 ante
1042 1279 1139 1359 Qua·

190 1374 421 1458 dragesimam
441 1375 630 1454 contendit,
655 1384 696 1442 ut
718 1378 834 1443 David
858 1398 975 1460 regem
1000 1380 1138 1458 Scotiae,

191 1476 251 1558 qui
278 1474 415 1540 diversa
439 1475 568 1539 sentire
593 1475 783 1555 dicebatur,
806 1479 1026 1545 conveniret:
1059 1472 1139 1544 ¹nec

190 1594 274 1639 vero
289 1574 472 1639 difficulter
486 1575 531 1638 ab
546 1595 588 1639 eo
605 1575 697 1658 quod
711 1577 824 1642 voluit
835 1578 1045 1660 impetravit,
1056 1579 1139 1661 quia

190 1680 226 1738 et
240 1673 299 1738 illc
315 1693 448 1739 morum
469 1673 625 1753 lenitate,
640 1682 676 1740 et
692 1675 845 1759 propiori
862 1676 938 1760 jam
961 1685 1138 1743 senectute

190 1771 370 1852 infractus,
387 1773 536 1841 libenter
549 1773 586 1839 in
598 1776 708 1842 otium
718 1776 775 1842 vel
791 1795 883 1842 verae
896 1775 953 1841 vel
967 1776 1139 1843 simulatae

189 1873 287 1956 pacis
303 1873 486 1940 concessit.

196 2061 252 2121 ¹Dll
274 2061 446 2115 novemb
471 2064 629 2115 ROBER'l'l
652 2065 797 2114 comens
821 2066 1060 2115 euchaitarum
1082 2065 1122 2114 IN

577 2164 754 2215 ANoan.

241 2268 323 2352 §lt
341 2269 473 2335 Eodem
487 2291 579 2336 anno
594 2279 675 2354 post
685 2271 823 2337 Pascha
834 2272 1010 2337 Robertus
1026 2292 1140 2338 comes
1152 2287 1286 2328 brivatam

1152 2339 1243 2378 conduct
1252 2341 1276 2378 ot

188 2367 418 2448 Gloecestrae,
449 2371 549 2456 cujus
587 2371 805 2454 prudentiam
843 2393 906 2437 rex
944 2372 1140 2456 Stephanus
1153 2389 1285 2430 munem

189 2469 340 2534 maxime
363 2472 559 2551 verebatur,
581 2471 679 2537 venit
700 2470 737 2535 in
756 2469 933 2553 Angliam.
986 2472 1036 2552 ls,
1057 2474 1138 2539 dum
1151 2441 1282 2530 iillum*

190 2575 282 2633 esset
305 2569 343 2633 in
357 2569 585 2649 Normanuia,
606 2570 719 2634 multa
742 2571 951 2653 cogitatione
973 2573 1140 2653 fatigarat

190 2668 343 2733 animum
359 2669 524 2752 quidnam
549 2669 615 2735 sibi
641 2688 745 2752 super
769 2670 835 2735 hoc
860 2671 1000 2754 negotio
1027 2678 1139 2736 statu·

191 2767 317 2833 endum
342 2775 501 2852 putaret:
534 2770 565 2834 si
588 2770 680 2834 enim
709 2770 784 2852 regi
811 2769 986 2852 Stephano
1013 2770 1138 2834 subde*

190 2873 296 2946 retur,
324 2874 448 2934 contra
470 2876 725 2934 sacramentum
754 2869 846 2951 quod
876 2869 987 2933 sorori
1008 2870 1138 2935 fecerat

188 2965 262 3031 fore
278 2966 438 3048 videbat3
462 2969 493 3034 si
508 2968 753 3052 refragaretur,
769 2967 854 3032 nihil
878 2969 988 3033 sorori
1005 2970 1060 3033 vel
1077 2989 1138 3033 ne·

190 3067 330 3148 potibus
354 3066 585 3150 profuturum,
606 3067 673 3133 sibi
702 3074 796 3132 certe
825 3068 1022 3131 immaniter
1043 3069 1137 3132 noci-

190 3171 319 3244 turum,
342 3165 569 3249 intelligebat.
638 3167 804 3233 Habebat
831 3165 922 3230 enim
948 3166 1138 3253 (utsupra

190 3263 309 3351 tetigi)
341 3285 405 3333 rex
435 3267 637 3332 immensam
663 3267 735 3332 vim
766 3265 1019 3343 thesaurorum,
1050 3286 1138 3348 quos

190 3355 309 3435 multis
335 3366 435 3430 aunis
451 3358 532 3431 'rex
557 3365 732 3432 Henricus
753 3365 946 3430 avunculus
968 3384 1052 3429 suus
1075 3385 1138 3448 ag·

189 3468 368 3546 gesserat3
392 3464 654 3530 aestimabantur
670 3459 837 3544 ⁸denarii,
864 3472 900 3530 et
924 3465 961 3529 hi
984 3466 1138 3547 exquisi-

224 3709 234 3744 ¹
247 3713 300 3763 Nec
309 3728 366 3763 vero
375 3714 527 3780 diffluum]
543 3716 576 3766 E.
586 3730 594 3777 3
604 3730 652 3764 nec
675 3713 735 3765 time
745 3713 810 3765 nster
826 3714 869 3764 the
883 3714 997 3763 Normau
1009 3714 1138 3777 Conquest

187 3784 301 3846 difficile,
311 3783 341 3834 S.
355 3786 385 3834 C.
397 3783 433 3835 D.
444 3785 499 3836 La
674 3784 745 3834 there
762 3799 818 3834 was
835 3799 898 3845 very
915 3785 981 3834 little
1001 3799 1091 3848 money
1109 3787 1137 3835 in

223 3850 585 3904 'ReaeHeurireeocsmlss
593 3868 653 3903 cass
675 3855 760 3916 specie
782 3854 809 3902 in
829 3854 872 3903 the
893 3855 982 3917 reulm,
1009 3855 1060 3903 and
1081 3856 1137 3906 thet

187 3917 355 3990 aggesserat]
373 3924 425 3984 E.;
448 3924 591 3974 avunculus
607 3938 652 3987 ug·
675 3924 741 3973 until
760 3923 804 3973 the
831 3924 903 3986 reign
929 3922 959 3972 oi
982 3923 1073 3986 Heury
1093 3925 1136 3975 the

186 3997 310 4058 gesserat,
321 3993 351 4043 S.
364 3993 394 4042 G.
406 3993 441 4043 D.
453 3992 507 4042 hh.
675 3993 744 4043 First
753 3993 789 4042 all
799 3997 866 4042 rents
882 3992 934 4041 aud
949 3992 1027 4042 imme
1042 3993 1094 4044 due
1110 3999 1137 4043 to

223 4060 235 4093 ³
245 4063 362 4126 Deserit,
372 4061 431 4111 ethi
441 4061 651 4126 exquisitissimi]
674 4063 718 4113 the
728 4063 792 4124 king
802 4077 869 4111 were
878 4062 1002 4111 rendered
1013 4063 1039 4111 in
1054 4065 1138 4124 provi-

187 4133 243 4183 'l'he
264 4133 356 4183 author
371 4131 402 4181 ot
415 4131 458 4182 the
477 4132 604 4195 Dialogus
619 4133 652 4181 de
675 4134 756 4182 sicus*
771 4132 822 4180 aud
850 4133 1005 4181 necessarios
1031 4132 1071 4182 ior
1097 4133 1138 4182 bis

189 4203 324 4254 Scuccario
345 4206 424 4254 states
446 4201 502 4252 that
523 4202 562 4252 ior
583 4215 652 4253 some
662 4199 830 4273 ,household5
841 4203 888 4252 but
899 4202 987 4265 fleury
998 4201 1022 4255 1.
1032 4202 1138 4265 ordered
