2866 4868
134 411 203 463 mr.
222 393 292 484 nn]
364 409 477 461 casua
501 410 627 458 nuauu
652 409 866 458 ancnonuu.
1017 391 1085 456 445

134 567 227 632 unde
267 566 442 631 Henricus
481 567 668 651 imperator
700 564 975 630 Alamannorum
1016 567 1084 631 fre·

136 687 244 745 mens,
274 668 368 750 quod
394 669 470 732 sine
500 687 564 731 sua
587 666 799 732 conscientia
826 661 974 731 ¹electus
999 667 1085 732 talia

135 776 372 850 praesumeret,
400 767 499 831 illum
530 767 588 853 (ut
616 764 781 851 praedixi)
812 774 892 850 post
925 766 1084 832 undecim

136 886 246 930 annos
265 867 380 932 Roma
401 867 611 945 deturbavit,
629 866 799 931 Guiberto
822 865 975 931 inducto.
1007 866 1084 933 Nec

136 968 246 1031 multo
260 974 340 1050 post
354 967 475 1031 lethali
491 987 584 1050 papa
605 968 724 1031 morbo
740 967 843 1044 ictus,
858 987 927 1049 quo
949 986 987 1031 se
1009 987 1083 1032 mo·

135 1067 282 1131 riturum
305 1087 376 1132 non
405 1068 606 1150 ambigeret,
633 1072 777 1150 rogatus
798 1073 851 1130 est
881 1086 903 1130 a
927 1067 1084 1132 cardina·

137 1166 227 1231 libus
251 1174 291 1231 ut
315 1187 444 1250 papam
469 1169 707 1244 constitueret,
726 1167 821 1230 beati
845 1166 942 1231 Petri
965 1187 1083 1231 exem·

136 1266 232 1350 plum
258 1267 497 1344 referentibus
523 1268 594 1350 qui,
620 1266 783 1331 lactentis
811 1267 966 1330 ecclesiae
991 1268 1083 1331 rudi-

136 1368 273 1444 mentis,
294 1368 416 1432 vivens
433 1365 646 1431 Clementem
669 1365 882 1449 praefecerat.
928 1365 1084 1449 Negavit

136 1467 194 1531 ille
208 1460 262 1530 ²id
280 1487 317 1531 se
330 1467 527 1550 exemplum
541 1476 752 1543 secuturum,
766 1466 860 1548 quod
876 1467 921 1530 ab
938 1469 1082 1550 antiquo

135 1567 291 1631 conciliis
316 1574 408 1631 esset
422 1568 589 1633 vetitum:
613 1566 793 1632 consilium
808 1585 891 1630 vero
908 1567 1083 1646 daturum,

111 1736 113 1742 ,
136 1667 166 1730 si
180 1666 309 1732 vellent
322 1666 495 1732 bominem
516 1667 553 1731 in
575 1666 692 1732 seculo
711 1673 899 1749 potentem,
916 1667 1084 1749 eligerent

138 1767 356 1831 Desiderium
372 1768 532 1854 abbatem
543 1761 812 1844 ⁸Cassinensem,
826 1766 887 1848 qui
898 1767 1084 1831 salubriter

137 1874 172 1931 et
198 1868 412 1950 intempore
440 1888 582 1933 numero
605 1867 746 1931 militari
767 1865 968 1930 violentiam
995 1866 1082 1931 Gui-

136 1968 226 2031 berti
241 1966 464 2049 infringeret3
487 1969 542 2031 sin
563 1967 835 2032 ecclesiasticum
862 1973 898 2030 et
921 1966 1085 2050 eloquen-

137 2074 219 2144 tem,
242 2067 438 2150 acciperent
455 2069 656 2151 episcopum
673 2067 897 2130 Hestiensem
914 2066 1084 2132 Odonem.

139 2166 197 2230 Ita
221 2167 307 2231 obiit
323 2168 377 2231 vir
395 2168 487 2250 apud
505 2169 619 2232 Deum
644 2167 754 2231 felicis
779 2167 914 2248 gratiae,
932 2173 968 2231 et
992 2167 1085 2249 apud

136 2267 292 2330 homines
316 2269 531 2333 austeritatis
562 2269 719 2332 fortassis
745 2267 872 2330 nimiae.
924 2266 1085 2349 Denique

137 2366 246 2430 fertur
262 2366 366 2449 quod,
387 2368 478 2432 inter
494 2388 573 2432 eum
597 2375 633 2432 et
647 2369 889 2450 imperatorem
911 2367 1012 2449 primi
1027 2375 1085 2431 tu·

138 2467 269 2531 multus
291 2467 401 2545 initio,
414 2461 532 2531 ⁴idum
552 2467 770 2551 nudipedem,
786 2474 822 2531 et
841 2466 989 2549 forcipes
1006 2487 1086 2531 cum

138 2567 252 2649 scopis
273 2574 483 2648 portantem,
508 2587 572 2631 nec
602 2569 705 2631 etiam
731 2566 862 2630 foribus
886 2565 1083 2646 admiserit3

138 2667 356 2730 abominatus
376 2667 548 2731 bominem
572 2661 808 2748 ⁵sacrilegum,
831 2672 866 2729 et
891 2667 1013 2729 sororii
1034 2667 1085 2729 in-

137 2767 223 2830 cesti
236 2786 345 2831 reum.
395 2764 577 2832 Abscessit
591 2767 710 2833 Caesar
722 2765 897 2842 exclusus,
911 2765 1085 2848 repulsam

135 2866 232 2930 illam
257 2866 444 2931 multorum
466 2868 560 2931 necis
585 2886 726 2930 causam
745 2872 953 2948 protestans
1005 2864 1085 2929 Sta·

136 2966 268 3048 timque
291 2985 506 3050 quaecunque
532 2973 651 3050 posset
672 2965 889 3030 incommoda
914 2964 1085 3028 Romanae

138 3065 212 3128 sedi
229 3065 402 3147 infligens,
420 3086 439 3130 e
460 3065 597 3132 diverso
614 3067 768 3130 fautores
784 3083 885 3148 papae
907 3065 941 3127 in
966 3071 1085 3146 tyran·

138 3164 252 3228 uidem
285 3167 475 3246 excitavit3
513 3166 682 3248 siquidem
716 3164 905 3229 rebellante
936 3163 1086 3246 quodam

141 3264 306 3343 Radulfo,
319 3266 423 3349 jussu
439 3266 549 3350 ipsius
575 3265 770 3349 apostolici,
785 3266 844 3347 qui
867 3264 898 3327 ei
921 3282 1085 3328 coronam

173 3510 180 3542 ¹
193 3510 314 3574 Electae]
333 3512 363 3560 C.
375 3509 410 3560 D.
423 3510 455 3560 E.
467 3507 498 3558 L.
509 3524 517 3570 ;
528 3509 600 3557 omit·
623 3523 673 3569 any
684 3508 747 3556 kind
757 3507 787 3556 of
794 3521 905 3569 penance
912 3505 997 3555 which
1004 3505 1086 3569 might

137 3579 305 3631 adina&
622 3577 854 3640 beenjoinedbim.
882 3576 1029 3625 Sometimes
1041 3591 1086 3625 ex·

174 3648 227 3700 'ld
243 3651 290 3714 aa]
310 3651 341 3701 C.
351 3650 387 3700 D.
405 3650 439 3699 E.
458 3648 504 3710 L.;
521 3649 599 3711 idem,
622 3648 821 3697 communicated
850 3661 954 3709 persons
975 3661 1043 3695 wore
1068 3663 1086 3696 o

136 3720 169 3771 A.
182 3721 212 3771 S.
622 3720 703 3768 halter
720 3719 798 3767 about
812 3718 877 3766 their
892 3717 988 3776 necks3
1004 3729 1085 3765 some·
1124 3764 1130 3777 ,

173 3789 184 3822 ⁸
202 3784 390 3859 Corduenam]
408 3786 442 3838 A.
463 3788 492 3838 S.
510 3790 547 3840 D.
565 3791 597 3840 E.
621 3788 834 3849 timestbeywere
842 3787 916 3836 shorn
924 3802 953 3835 or
960 3787 1084 3849 scourged

138 3862 170 3912 L.
174 3861 402 3979 pICassiorppserp
416 3860 479 3977 (het
552 3928 557 3939 ¹
621 3856 1022 3977 pnortompeivpnpagmlution.
1050 3857 1083 3925 V,

137 3928 599 4064 attaminata
621 3943 750 4062 ,titi
785 3943 811 3976 ‘⁸
824 3963 831 3977 ·
846 3943 873 3975 ¹¹¹
908 3941 1026 3989 Μ
1039 3942 1083 3988 ‘'¹'‘

137 4074 256 4121 observes
264 4071 318 4119 that
328 4070 378 4118 this
387 4083 468 4118 seems
479 4070 599 4118 intended

136 4147 162 4191 to
181 4142 272 4202 denote
293 4140 333 4188 bis
356 4139 469 4189 absolute
492 4140 600 4188 submis-
657 4135 855 4200 ‘Sacrilegum.]
866 4134 900 4185 A.
909 4137 938 4186 S.
950 4136 980 4184 G.
993 4135 1024 4184 E.
1035 4135 1083 4195 L.;

138 4213 203 4278 aion,
213 4212 264 4263 and
275 4211 432 4272 willingness
443 4214 468 4260 to
485 4210 599 4272 undergo
623 4208 774 4272 sacrilegum
786 4206 961 4269 atterebatur,
971 4206 1007 4256 D.
