2866 4868
341 408 407 478 728
624 427 799 476 ursromn
821 424 1001 475 novacen.
1147 409 1243 492 [mn
1254 423 1295 471 ιι.

182 601 331 654 morbosos
344 585 389 649 ab
416 583 470 648 his
496 584 600 648 etiam
625 604 713 668 quos
739 584 915 649 felicitatis
940 583 1017 669 ejus
1045 583 1179 649 invidia
1204 583 1296 651 clam

179 655 206 694 ol
212 654 325 702 sniisunry.

344 684 535 764 mordebat,
546 686 765 768 maximeque
781 705 803 750 a
815 685 981 749 ministris
996 692 1032 749 et
1045 678 1147 749 ¹tunc
1162 684 1296 749 debito-

344 787 439 850 ribus
457 785 560 867 regis,
581 787 612 850 ei
629 805 844 869 quaecunque
866 805 954 869 pene
978 786 1167 868 cogitasset
1182 785 1297 850 confe-

345 887 520 951 rebantur.
553 885 690 969 Siquid
708 886 984 969 possessionibus
1002 885 1077 969 ejus
1092 887 1296 968 contiguum
1335 955 1338 965 ,

346 994 422 1051 erat
442 986 534 1068 quod
561 987 634 1050 suis
657 986 866 1051 utilitatibus
890 985 1109 1064 conduceret,
1131 986 1296 1051 contiuuo

345 1087 402 1152 vel
426 1106 528 1170 prece
542 1086 599 1151 vel
622 1087 746 1170 pretio,
769 1087 823 1151 sin
846 1086 960 1150 minus
976 1086 1155 1164 violentia,
1171 1093 1296 1152 extor-

345 1189 486 1271 quebat.
539 1187 633 1270 Ipse,
648 1187 817 1269 singulari
837 1186 948 1269 gloria
965 1184 1152 1272 (quantum
1176 1194 1296 1253 nostra

346 1296 433 1352 aetas
459 1288 631 1352 reminisci
655 1285 784 1377 potest)
814 1289 851 1352 in
885 1287 1043 1351 domibus
1070 1286 1295 1366 aedificandis,

346 1387 528 1471 splendida
542 1409 605 1471 per
618 1407 737 1452 omnes
751 1389 987 1471 possessiones
1003 1407 1085 1451 suas
1100 1389 1298 1453 construxit

346 1488 555 1565 habitacula,
573 1489 609 1552 in
626 1490 751 1570 quibus
766 1489 877 1553 solum
895 1488 1031 1553 tuendis
1058 1507 1297 1553 successorum

347 1588 423 1673 ejus
445 1589 574 1653 frustra
592 1589 764 1653 laborabit
789 1608 916 1672 opera3
939 1588 1057 1652 sedem
1080 1607 1180 1652 suam
1201 1590 1297 1653 miri-

347 1689 421 1753 ficis
447 1689 658 1753 ornamentis
683 1697 719 1754 et
734 1688 900 1766 aedificiis,
922 1689 1010 1754 citra
1033 1688 1141 1752 ullam
1165 1709 1298 1773 expeu-

347 1808 464 1854 sarum
481 1791 741 1872 parcimoniam,
761 1790 796 1853 in
811 1790 1016 1853 immensum
1032 1789 1171 1855 extulit.
1210 1789 1298 1853 Erat

346 1909 488 1973 prorsus
505 1891 628 1953 mirum
641 1890 759 1954 videre
775 1889 817 1953 de
831 1890 968 1954 homine
982 1890 1054 1968 illo,
1071 1895 1205 1972 quanta
1219 1909 1297 1955 eum

345 1991 383 2055 iu
406 1991 500 2054 omni
516 2010 641 2072 genere
657 1990 867 2071 dignitatum
887 2010 991 2073 opum
1013 1992 1223 2073 sequebatur
1240 2010 1297 2055 co·

346 2091 416 2173 pia,
432 2097 467 2154 et
489 2092 589 2173 quasi
608 2090 653 2154 ad
675 2110 813 2154 manum
837 2089 1021 2156 affluebat:
1046 2091 1216 2172 quantula
1237 2091 1298 2155 illa

347 2190 471 2272 gloria,
493 2189 580 2277 (qua
601 2191 683 2273 quid
708 2197 827 2274 posset
846 2190 1002 2255 accidere
1024 2190 1136 2274 majus
1147 2187 1182 2275 l)
1205 2191 1298 2274 quod

347 2290 435 2354 duos
451 2299 607 2373 nepotes
623 2311 695 2355 suae
709 2291 924 2356 educationis
942 2310 1059 2374 opera,
1079 2290 1236 2355 honestae
1258 2290 1299 2354 li-

349 2397 513 2454 teraturae
528 2399 563 2455 et
576 2391 755 2456 industriae
770 2393 876 2469 viros,
892 2391 1005 2455 effecit
1014 2391 1195 2474 episcopos
1208 2411 1218 2472 3
1235 2411 1299 2457 nec

348 2510 431 2555 vero
447 2491 589 2555 exilium
606 2493 879 2574 episcopatuum,
895 2491 953 2555 sed
972 2490 1248 2556 Lindocolieu'sis
1264 2499 1300 2557 'et

351 2588 538 2668 Heliensis,
562 2593 688 2674 quibus
718 2591 951 2674 opulentiores
974 2591 1090 2656 nescio
1113 2591 1143 2655 si
1171 2587 1299 2657 habeat

349 2687 489 2771 Anglia.
542 2687 720 2755 Sentiebat
739 2692 814 2774 ipse
831 2699 998 2775 quantum
1021 2698 1150 2775 posset,
1169 2699 1217 2780 et,
1235 2693 1299 2757 ali-

349 2797 481 2874 quanto
502 2790 622 2855 durius
646 2810 750 2875 quam
775 2793 880 2856 talem
896 2792 1009 2857 virum
1030 2791 1179 2869 deceret,
1197 2792 1299 2858 Divi·

348 2891 468 2954 nitatis
493 2893 700 2956 abutebatur
725 2891 953 2974 indulgentia.
1014 2892 1187 2975 Denique,
1208 2890 1300 2960 sicut

349 2998 454 3076 poeta
470 2991 610 3074 quidam
626 2993 668 3056 de
684 2985 851 3076 ²quodam
866 2991 973 3056 divite
987 2990 1083 3070 dicit,
1155 3014 1158 3019 ·

401 3133 573 3220 ‘³Diruit,
588 3140 749 3221 aedificat,
764 3148 878 3205 mutat
891 3140 1063 3223 quadrata
1079 3141 1238 3212 rotundis
1247 3142 1272 3226 3’

349 3290 400 3354 ita
415 3289 587 3370 Rogerius
605 3289 763 3355 abbatias
776 3290 813 3353 in
831 3290 1080 3372 episcopatum,
1095 3309 1151 3354 res
1165 3292 1300 3375 episco-

348 3396 453 3472 patus
467 3390 503 3452 in
521 3390 708 3467 abbatiam,
722 3390 870 3471 alterare
885 3397 1030 3454 conatus
1043 3397 1108 3455 est.
1132 3391 1299 3458 Malmss-

349 3491 498 3554 biriense
534 3498 569 3555 et
598 3488 925 3567 Abbadesbiriense,
955 3491 1199 3573 antiquissima
1212 3513 1297 3581 ,coe-

349 3591 464 3667 nobia,
489 3588 676 3676 (quantum
700 3591 837 3674 inipso
861 3585 943 3673 suit)
966 3590 1181 3674 episcopatui
1205 3592 1298 3658 dele·-

330 3688 468 3776 'gavitt
496 3690 797 3755 Scireburnensem
826 3691 1028 3774 prioratum,
1053 3692 1114 3774 qui
1137 3693 1299 3776 proprius

348 3801 402 3858 est
416 3793 570 3876 episcopi
586 3791 856 3870 Salesbiriensis‚
874 3792 920 3854 in·
933 3791 1108 3856 abbatiam
1130 3795 1298 3875 mutavit;

347 4013 494 4138 LgTaac]
511 4021 562 4079 E.;
579 4018 808 4071 omittedinsb.
869 4084 982 4136 amma
1054 4090 1153 4140 rotund·
1176 4090 1234 4154 ]H
1278 4097 1290 4143 t

346 4121 1055 4280 Lgllaodam.]E.;quolibet,S.D.Epist.1.1.1⁰b.
1144 4106 1174 4142 w·
1234 4108 1299 4146 m·
