<?xml version="1.0" encoding="UTF-8"?>
<!DOCTYPE html PUBLIC "-//W3C//DTD XHTML 1.0 Transitional//EN"
    "http://www.w3.org/TR/xhtml1/DTD/xhtml1-transitional.dtd">
<html xmlns="http://www.w3.org/1999/xhtml" xml:lang="en" lang="en">
 <head>
  <title>
</title>
<meta http-equiv="Content-Type" content="text/html;charset=utf-8" />
  <meta name='ocr-system' content='tesseract 3.04.00' />
  <meta name='ocr-capabilities' content='ocr_page ocr_carea ocr_par ocr_line ocrx_word'/>
</head>
<body>
  <div class='ocr_page' id='page_1' title='image "./gestaregumanglo00willgoog_0195.png"; bbox 0 0 2866 4868; ppageno 0'>
   <div class='ocr_carea' id='block_1_1' title="bbox 344 353 1300 457">
    <p class='ocr_par' dir='ltr' id='par_1_1' title="bbox 344 353 1300 457">
     <span class='ocr_line' id='line_1_1' title="bbox 344 353 1300 457; baseline -0.005 -18"><span class='ocrx_word' id='word_1_1' title='bbox 344 375 409 439; x_wconf 81' lang='lat'>572</span> <span class='ocrx_word' id='word_1_2' title='bbox 562 390 674 438; x_wconf 76' lang='lat' dir='ltr'>essm</span> <span class='ocrx_word' id='word_1_3' title='bbox 700 390 825 437; x_wconf 82' lang='lat' dir='ltr'>aucun</span> <span class='ocrx_word' id='word_1_4' title='bbox 850 390 1064 438; x_wconf 74' lang='lat' dir='ltr'>nucnonuu.</span> <span class='ocrx_word' id='word_1_5' title='bbox 1140 353 1300 457; x_wconf 46' lang='lat' dir='ltr'>[nrn.1v.‘</span> 
     </span>
    </p>
   </div>
   <div class='ocr_carea' id='block_1_2' title="bbox 345 547 1416 630">
    <p class='ocr_par' dir='ltr' id='par_1_2' title="bbox 345 547 1416 630">
     <span class='ocr_line' id='line_1_2' title="bbox 345 547 1416 630; baseline 0.003 -19"><span class='ocrx_word' id='word_1_6' title='bbox 345 549 497 612; x_wconf 88' lang='lat' dir='ltr'>bitarent</span> <span class='ocrx_word' id='word_1_7' title='bbox 523 549 721 625; x_wconf 86' lang='lat' dir='ltr'><strong>subsistere,</strong></span> <span class='ocrx_word' id='word_1_8' title='bbox 744 548 803 612; x_wconf 91' lang='lat' dir='ltr'>ubi</span> <span class='ocrx_word' id='word_1_9' title='bbox 826 549 882 611; x_wconf 90' lang='lat' dir='ltr'>vel</span> <span class='ocrx_word' id='word_1_10' title='bbox 909 547 1073 630; x_wconf 82' lang='lat' dir='ltr'>pestifero</span> <span class='ocrx_word' id='word_1_11' title='bbox 1097 548 1299 614; x_wconf 87' lang='lat' dir='ltr'>afflarentur</span> <span class='ocrx_word' id='word_1_12' title='bbox 1413 569 1416 575; x_wconf 87' lang='lat'><em>·</em></span> 
     </span>
    </p>
   </div>
   <div class='ocr_carea' id='block_1_3' title="bbox 348 647 1305 3105">
    <p class='ocr_par' dir='ltr' id='par_1_3' title="bbox 348 647 1305 3105">
     <span class='ocr_line' id='line_1_3' title="bbox 348 647 1300 714; baseline 0.004 -4"><span class='ocrx_word' id='word_1_13' title='bbox 348 667 427 711; x_wconf 89' lang='lat' dir='ltr'>aere</span> <span class='ocrx_word' id='word_1_14' title='bbox 441 648 496 711; x_wconf 91' lang='lat' dir='ltr'>vel</span> <span class='ocrx_word' id='word_1_15' title='bbox 514 649 720 712; x_wconf 91' lang='lat' dir='ltr'>Saracenica</span> <span class='ocrx_word' id='word_1_16' title='bbox 741 647 979 712; x_wconf 83' lang='lat' dir='ltr'>occiderentur</span> <span class='ocrx_word' id='word_1_17' title='bbox 1002 649 1109 712; x_wconf 82' lang='lat' dir='ltr'>rabie.</span> <span class='ocrx_word' id='word_1_18' title='bbox 1162 647 1300 714; x_wconf 87' lang='lat' dir='ltr'>Cedant</span> 
     </span>
     <span class='ocr_line' id='line_1_4' title="bbox 349 747 1299 831; baseline 0.003 -20"><span class='ocrx_word' id='word_1_19' title='bbox 349 768 432 830; x_wconf 85' lang='lat' dir='ltr'>ergo</span> <span class='ocrx_word' id='word_1_20' title='bbox 448 755 629 831; x_wconf 89' lang='lat' dir='ltr'>poetarum</span> <span class='ocrx_word' id='word_1_21' title='bbox 646 749 841 830; x_wconf 81' lang='lat' dir='ltr'>praeconia3</span> <span class='ocrx_word' id='word_1_22' title='bbox 865 768 928 811; x_wconf 90' lang='lat' dir='ltr'>nec</span> <span class='ocrx_word' id='word_1_23' title='bbox 943 748 1075 830; x_wconf 87' lang='lat' dir='ltr'>priscos</span> <span class='ocrx_word' id='word_1_24' title='bbox 1098 747 1221 813; x_wconf 86' lang='lat' dir='ltr'>heroas</span> <span class='ocrx_word' id='word_1_25' title='bbox 1238 768 1299 814; x_wconf 86' lang='lat' dir='ltr'>ve-</span> 
     </span>
     <span class='ocr_line' id='line_1_5' title="bbox 351 847 1299 933; baseline 0.002 -21"><span class='ocrx_word' id='word_1_26' title='bbox 351 857 407 912; x_wconf 89' lang='lat' dir='ltr'>tus</span> <span class='ocrx_word' id='word_1_27' title='bbox 430 848 569 911; x_wconf 91' lang='lat' dir='ltr'>attollat</span> <span class='ocrx_word' id='word_1_28' title='bbox 590 847 719 911; x_wconf 83' lang='lat' dir='ltr'>fabula.</span> <span class='ocrx_word' id='word_1_29' title='bbox 773 847 871 911; x_wconf 94' lang='lat' dir='ltr'>Nibil</span> <span class='ocrx_word' id='word_1_30' title='bbox 890 867 1043 929; x_wconf 90' lang='lat' dir='ltr'>unquam</span> <span class='ocrx_word' id='word_1_31' title='bbox 1058 848 1180 912; x_wconf 91' lang='lat' dir='ltr'>horum</span> <span class='ocrx_word' id='word_1_32' title='bbox 1201 849 1299 933; x_wconf 87' lang='lat' dir='ltr'>laudi</span> 
     </span>
     <span class='ocr_line' id='line_1_6' title="bbox 350 947 1301 1031; baseline 0.002 -21"><span class='ocrx_word' id='word_1_33' title='bbox 350 948 581 1029; x_wconf 79' lang='lat' dir='ltr'>comparabile</span> <span class='ocrx_word' id='word_1_34' title='bbox 600 947 672 1011; x_wconf 86' lang='lat' dir='ltr'>ulla</span> <span class='ocrx_word' id='word_1_35' title='bbox 694 967 844 1029; x_wconf 85' lang='lat' dir='ltr'>genuere</span> <span class='ocrx_word' id='word_1_36' title='bbox 866 948 1001 1011; x_wconf 85' lang='lat' dir='ltr'>secula:</span> <span class='ocrx_word' id='word_1_37' title='bbox 1026 966 1118 1024; x_wconf 86' lang='lat' dir='ltr'>nam,</span> <span class='ocrx_word' id='word_1_38' title='bbox 1136 956 1172 1013; x_wconf 88' lang='lat' dir='ltr'>ct</span> <span class='ocrx_word' id='word_1_39' title='bbox 1185 949 1216 1012; x_wconf 91' lang='lat' dir='ltr'>si</span> <span class='ocrx_word' id='word_1_40' title='bbox 1229 968 1301 1031; x_wconf 91' lang='lat' dir='ltr'>qua</span> 
     </span>
     <span class='ocr_line' id='line_1_7' title="bbox 351 1045 1300 1131; baseline 0.002 -21"><span class='ocrx_word' id='word_1_41' title='bbox 351 1048 488 1110; x_wconf 89' lang='lat' dir='ltr'>illorum</span> <span class='ocrx_word' id='word_1_42' title='bbox 511 1047 577 1112; x_wconf 88' lang='lat' dir='ltr'>fuit</span> <span class='ocrx_word' id='word_1_43' title='bbox 592 1047 713 1124; x_wconf 75' lang='lat' dir='ltr'>virtuS,</span> <span class='ocrx_word' id='word_1_44' title='bbox 739 1047 773 1109; x_wconf 93' lang='lat' dir='ltr'>in</span> <span class='ocrx_word' id='word_1_45' title='bbox 801 1047 1034 1130; x_wconf 86' lang='lat' dir='ltr'>sepulchrales</span> <span class='ocrx_word' id='word_1_46' title='bbox 1059 1045 1196 1112; x_wconf 82' lang='lat' dir='ltr'>favillas</span> <span class='ocrx_word' id='word_1_47' title='bbox 1217 1055 1300 1131; x_wconf 89' lang='lat' dir='ltr'>post</span> 
     </span>
     <span class='ocr_line' id='line_1_8' title="bbox 352 1146 1300 1231; baseline 0.004 -23"><span class='ocrx_word' id='word_1_48' title='bbox 352 1158 495 1210; x_wconf 87' lang='lat' dir='ltr'>mortem</span> <span class='ocrx_word' id='word_1_49' title='bbox 509 1147 669 1227; x_wconf 91' lang='lat' dir='ltr'>evanuit;</span> <span class='ocrx_word' id='word_1_50' title='bbox 684 1146 777 1229; x_wconf 90' lang='lat' dir='ltr'>quod</span> <span class='ocrx_word' id='word_1_51' title='bbox 788 1147 903 1229; x_wconf 89' lang='lat' dir='ltr'>potius</span> <span class='ocrx_word' id='word_1_52' title='bbox 920 1148 957 1210; x_wconf 94' lang='lat' dir='ltr'>in</span> <span class='ocrx_word' id='word_1_53' title='bbox 967 1146 1151 1210; x_wconf 88' lang='lat' dir='ltr'>mundialis</span> <span class='ocrx_word' id='word_1_54' title='bbox 1162 1167 1300 1231; x_wconf 82' lang='lat' dir='ltr'>pompae</span> 
     </span>
     <span class='ocr_line' id='line_1_9' title="bbox 352 1246 1301 1328; baseline 0.006 -21"><span class='ocrx_word' id='word_1_55' title='bbox 352 1246 495 1322; x_wconf 90' lang='lat' dir='ltr'>fumum,</span> <span class='ocrx_word' id='word_1_56' title='bbox 506 1265 609 1328; x_wconf 91' lang='lat' dir='ltr'>quam</span> <span class='ocrx_word' id='word_1_57' title='bbox 623 1246 659 1308; x_wconf 96' lang='lat' dir='ltr'>in</span> <span class='ocrx_word' id='word_1_58' title='bbox 677 1246 782 1310; x_wconf 91' lang='lat' dir='ltr'>ullius</span> <span class='ocrx_word' id='word_1_59' title='bbox 791 1247 873 1310; x_wconf 92' lang='lat' dir='ltr'>boni</span> <span class='ocrx_word' id='word_1_60' title='bbox 887 1246 1047 1323; x_wconf 92' lang='lat' dir='ltr'>solidum,</span> <span class='ocrx_word' id='word_1_61' title='bbox 1063 1246 1172 1311; x_wconf 85' lang='lat' dir='ltr'>effusa</span> <span class='ocrx_word' id='word_1_62' title='bbox 1182 1247 1301 1313; x_wconf 83' lang='lat' dir='ltr'>tuerit.</span> 
     </span>
     <span class='ocr_line' id='line_1_10' title="bbox 354 1345 1300 1425; baseline 0.004 -18"><span class='ocrx_word' id='word_1_63' title='bbox 354 1345 507 1408; x_wconf 91' lang='lat' dir='ltr'>Istorum</span> <span class='ocrx_word' id='word_1_64' title='bbox 531 1353 646 1410; x_wconf 89' lang='lat' dir='ltr'>autem</span> <span class='ocrx_word' id='word_1_65' title='bbox 671 1346 881 1410; x_wconf 85' lang='lat' dir='ltr'>fortitudinis</span> <span class='ocrx_word' id='word_1_66' title='bbox 904 1347 1071 1410; x_wconf 89' lang='lat' dir='ltr'>sentietur</span> <span class='ocrx_word' id='word_1_67' title='bbox 1096 1346 1241 1425; x_wconf 87' lang='lat' dir='ltr'>utilitas,</span> <span class='ocrx_word' id='word_1_68' title='bbox 1263 1354 1300 1411; x_wconf 90' lang='lat' dir='ltr'>et</span> 
     </span>
     <span class='ocr_line' id='line_1_11' title="bbox 354 1445 1300 1527; baseline 0.003 -19"><span class='ocrx_word' id='word_1_69' title='bbox 354 1445 556 1508; x_wconf 86' lang='lat' dir='ltr'>ostendetur</span> <span class='ocrx_word' id='word_1_70' title='bbox 571 1445 735 1527; x_wconf 82' lang='lat' dir='ltr'>dignitas,</span> <span class='ocrx_word' id='word_1_71' title='bbox 753 1446 917 1527; x_wconf 90' lang='lat' dir='ltr'>quamdiu</span> <span class='ocrx_word' id='word_1_72' title='bbox 941 1447 1033 1511; x_wconf 88' lang='lat' dir='ltr'>orbis</span> <span class='ocrx_word' id='word_1_73' title='bbox 1047 1445 1248 1510; x_wconf 86' lang='lat' dir='ltr'>volubilitas</span> <span class='ocrx_word' id='word_1_74' title='bbox 1264 1454 1300 1511; x_wconf 90' lang='lat' dir='ltr'>et</span> 
     </span>
     <span class='ocr_line' id='line_1_12' title="bbox 355 1543 1302 1626; baseline 0.005 -20"><span class='ocrx_word' id='word_1_75' title='bbox 355 1551 476 1607; x_wconf 90' lang='lat' dir='ltr'>sancta</span> <span class='ocrx_word' id='word_1_76' title='bbox 492 1545 622 1626; x_wconf 89' lang='lat' dir='ltr'>vigebit</span> <span class='ocrx_word' id='word_1_77' title='bbox 637 1544 893 1610; x_wconf 74' lang='lat' dir='ltr'>christianitas.</span> <span class='ocrx_word' id='word_1_78' title='bbox 945 1543 1039 1623; x_wconf 82' lang='lat' dir='ltr'>Quid</span> <span class='ocrx_word' id='word_1_79' title='bbox 1061 1565 1143 1609; x_wconf 91' lang='lat' dir='ltr'>vero</span> <span class='ocrx_word' id='word_1_80' title='bbox 1165 1545 1209 1609; x_wconf 94' lang='lat' dir='ltr'>de</span> <span class='ocrx_word' id='word_1_81' title='bbox 1231 1547 1302 1611; x_wconf 86' lang='lat' dir='ltr'>dis·</span> 
     </span>
     <span class='ocr_line' id='line_1_13' title="bbox 355 1643 1299 1725; baseline 0.004 -19"><span class='ocrx_word' id='word_1_82' title='bbox 355 1643 484 1725; x_wconf 91' lang='lat' dir='ltr'>ciplina</span> <span class='ocrx_word' id='word_1_83' title='bbox 514 1652 549 1708; x_wconf 89' lang='lat' dir='ltr'>et</span> <span class='ocrx_word' id='word_1_84' title='bbox 577 1645 788 1708; x_wconf 86' lang='lat' dir='ltr'>abstinentia</span> <span class='ocrx_word' id='word_1_85' title='bbox 818 1645 925 1709; x_wconf 87' lang='lat' dir='ltr'>totius</span> <span class='ocrx_word' id='word_1_86' title='bbox 957 1644 1130 1709; x_wconf 82' lang='lat' dir='ltr'>exereitus</span> <span class='ocrx_word' id='word_1_87' title='bbox 1158 1645 1299 1710; x_wconf 83' lang='lat' dir='ltr'>dicaml</span> 
     </span>
     <span class='ocr_line' id='line_1_14' title="bbox 357 1742 1300 1827; baseline 0.003 -21"><span class='ocrx_word' id='word_1_88' title='bbox 357 1742 466 1806; x_wconf 90' lang='lat' dir='ltr'>Nulla</span> <span class='ocrx_word' id='word_1_89' title='bbox 487 1744 535 1807; x_wconf 88' lang='lat' dir='ltr'>ibi</span> <span class='ocrx_word' id='word_1_90' title='bbox 547 1745 677 1807; x_wconf 89' lang='lat' dir='ltr'>ventris</span> <span class='ocrx_word' id='word_1_91' title='bbox 698 1743 882 1825; x_wconf 85' lang='lat' dir='ltr'>ingluvies,</span> <span class='ocrx_word' id='word_1_92' title='bbox 906 1744 1002 1807; x_wconf 88' lang='lat' dir='ltr'>nulla</span> <span class='ocrx_word' id='word_1_93' title='bbox 1018 1744 1084 1809; x_wconf 88' lang='lat' dir='ltr'>fuit</span> <span class='ocrx_word' id='word_1_94' title='bbox 1099 1745 1196 1827; x_wconf 91' lang='lat' dir='ltr'>penis</span> <span class='ocrx_word' id='word_1_95' title='bbox 1219 1745 1300 1809; x_wconf 94' lang='lat' dir='ltr'>illu-</span> 
     </span>
     <span class='ocr_line' id='line_1_15' title="bbox 355 1837 1305 1925; baseline 0.005 -21"><span class='ocrx_word' id='word_1_96' title='bbox 355 1842 440 1921; x_wconf 90' lang='lat' dir='ltr'>vies,</span> <span class='ocrx_word' id='word_1_97' title='bbox 467 1863 546 1925; x_wconf 88' lang='lat' dir='ltr'>quae</span> <span class='ocrx_word' id='word_1_98' title='bbox 568 1863 638 1906; x_wconf 93' lang='lat' dir='ltr'>non</span> <span class='ocrx_word' id='word_1_99' title='bbox 661 1844 825 1908; x_wconf 92' lang='lat' dir='ltr'>continuo</span> <span class='ocrx_word' id='word_1_100' title='bbox 847 1845 904 1909; x_wconf 89' lang='lat' dir='ltr'>vel</span> <span class='ocrx_word' id='word_1_101' title='bbox 927 1844 1052 1908; x_wconf 91' lang='lat' dir='ltr'>ducum</span> <span class='ocrx_word' id='word_1_102' title='bbox 1079 1837 1305 1910; x_wconf 86' lang='lat' dir='ltr'>¹auotoritate</span> 
     </span>
     <span class='ocr_line' id='line_1_16' title="bbox 356 1943 1304 2025; baseline 0.004 -20"><span class='ocrx_word' id='word_1_103' title='bbox 356 1943 412 2006; x_wconf 91' lang='lat' dir='ltr'>vel</span> <span class='ocrx_word' id='word_1_104' title='bbox 441 1944 678 2025; x_wconf 89' lang='lat' dir='ltr'>episcoporum</span> <span class='ocrx_word' id='word_1_105' title='bbox 704 1963 860 2008; x_wconf 86' lang='lat' dir='ltr'>sermone</span> <span class='ocrx_word' id='word_1_106' title='bbox 889 1944 1129 2025; x_wconf 89' lang='lat' dir='ltr'>corrigeretur.</span> <span class='ocrx_word' id='word_1_107' title='bbox 1193 1945 1304 2010; x_wconf 89' lang='lat' dir='ltr'>Nulla</span> 
     </span>
     <span class='ocr_line' id='line_1_17' title="bbox 355 2042 1305 2126; baseline 0.005 -22"><span class='ocrx_word' id='word_1_108' title='bbox 355 2042 534 2124; x_wconf 85' lang='lat' dir='ltr'>praedandi</span> <span class='ocrx_word' id='word_1_109' title='bbox 548 2063 610 2126; x_wconf 91' lang='lat' dir='ltr'>per</span> <span class='ocrx_word' id='word_1_110' title='bbox 626 2051 736 2107; x_wconf 89' lang='lat' dir='ltr'>terras</span> <span class='ocrx_word' id='word_1_111' title='bbox 750 2043 1025 2107; x_wconf 85' lang='lat' dir='ltr'>Christianorum</span> <span class='ocrx_word' id='word_1_112' title='bbox 1038 2043 1162 2126; x_wconf 88' lang='lat' dir='ltr'>cupido</span> <span class='ocrx_word' id='word_1_113' title='bbox 1175 2065 1184 2124; x_wconf 91' lang='grc'>;</span> <span class='ocrx_word' id='word_1_114' title='bbox 1208 2045 1305 2109; x_wconf 95' lang='lat' dir='ltr'>nulla</span> 
     </span>
     <span class='ocr_line' id='line_1_18' title="bbox 356 2143 1303 2225; baseline 0.004 -21"><span class='ocrx_word' id='word_1_115' title='bbox 356 2143 448 2205; x_wconf 86' lang='lat' dir='ltr'>inter</span> <span class='ocrx_word' id='word_1_116' title='bbox 462 2163 499 2206; x_wconf 89' lang='lat' dir='ltr'>se</span> <span class='ocrx_word' id='word_1_117' title='bbox 517 2144 752 2207; x_wconf 89' lang='lat' dir='ltr'>controversia</span> <span class='ocrx_word' id='word_1_118' title='bbox 766 2163 844 2225; x_wconf 87' lang='lat' dir='ltr'>quae</span> <span class='ocrx_word' id='word_1_119' title='bbox 862 2163 931 2207; x_wconf 93' lang='lat' dir='ltr'>non</span> <span class='ocrx_word' id='word_1_120' title='bbox 947 2143 1060 2221; x_wconf 86' lang='lat' dir='ltr'>facile,</span> <span class='ocrx_word' id='word_1_121' title='bbox 1075 2144 1303 2208; x_wconf 88' lang='lat' dir='ltr'>mediatorum</span> 
     </span>
     <span class='ocr_line' id='line_1_19' title="bbox 353 2241 1303 2327; baseline 0.003 -24"><span class='ocrx_word' id='word_1_122' title='bbox 353 2241 509 2324; x_wconf 92' lang='lat' dir='ltr'>judicum</span> <span class='ocrx_word' id='word_1_123' title='bbox 541 2242 750 2325; x_wconf 89' lang='lat' dir='ltr'>cognitione,</span> <span class='ocrx_word' id='word_1_124' title='bbox 783 2242 1003 2307; x_wconf 90' lang='lat' dir='ltr'>recideretur.</span> <span class='ocrx_word' id='word_1_125' title='bbox 1067 2241 1303 2327; x_wconf 82' lang='lat' dir='ltr'>Quapropter,</span> 
     </span>
     <span class='ocr_line' id='line_1_20' title="bbox 357 2341 1303 2426; baseline 0.007 -24"><span class='ocrx_word' id='word_1_126' title='bbox 357 2341 440 2422; x_wconf 90' lang='lat' dir='ltr'>quia</span> <span class='ocrx_word' id='word_1_127' title='bbox 465 2350 536 2406; x_wconf 91' lang='lat' dir='ltr'>tam</span> <span class='ocrx_word' id='word_1_128' title='bbox 558 2342 709 2406; x_wconf 90' lang='lat' dir='ltr'>ordinati</span> <span class='ocrx_word' id='word_1_129' title='bbox 732 2343 906 2408; x_wconf 84' lang='lat' dir='ltr'>exercitus</span> <span class='ocrx_word' id='word_1_130' title='bbox 928 2343 1004 2406; x_wconf 86' lang='lat' dir='ltr'>laus</span> <span class='ocrx_word' id='word_1_131' title='bbox 1022 2342 1066 2406; x_wconf 91' lang='lat' dir='ltr'>ad</span> <span class='ocrx_word' id='word_1_132' title='bbox 1079 2344 1303 2426; x_wconf 86' lang='lat' dir='ltr'>praelatorum</span> 
     </span>
     <span class='ocr_line' id='line_1_21' title="bbox 358 2441 1304 2526; baseline 0.006 -23"><span class='ocrx_word' id='word_1_133' title='bbox 358 2441 527 2505; x_wconf 88' lang='lat' dir='ltr'>redundat</span> <span class='ocrx_word' id='word_1_134' title='bbox 543 2442 701 2524; x_wconf 90' lang='lat' dir='ltr'>gloriam,</span> <span class='ocrx_word' id='word_1_135' title='bbox 723 2443 937 2524; x_wconf 89' lang='lat' dir='ltr'>singulorum</span> <span class='ocrx_word' id='word_1_136' title='bbox 959 2461 1139 2526; x_wconf 92' lang='lat' dir='ltr'>procerum</span> <span class='ocrx_word' id='word_1_137' title='bbox 1151 2442 1247 2508; x_wconf 89' lang='lat' dir='ltr'>facta</span> <span class='ocrx_word' id='word_1_138' title='bbox 1268 2455 1304 2509; x_wconf 87' lang='lat' dir='ltr'>et</span> 
     </span>
     <span class='ocr_line' id='line_1_22' title="bbox 359 2541 1304 2625; baseline 0.007 -23"><span class='ocrx_word' id='word_1_139' title='bbox 359 2541 475 2604; x_wconf 89' lang='lat' dir='ltr'>exitus</span> <span class='ocrx_word' id='word_1_140' title='bbox 499 2543 627 2624; x_wconf 86' lang='lat' dir='ltr'>scripto</span> <span class='ocrx_word' id='word_1_141' title='bbox 651 2542 857 2623; x_wconf 82' lang='lat' dir='ltr'>insigniam3</span> <span class='ocrx_word' id='word_1_142' title='bbox 884 2543 1149 2625; x_wconf 92' lang='lat' dir='ltr'>necquicquam</span> <span class='ocrx_word' id='word_1_143' title='bbox 1163 2544 1304 2609; x_wconf 87' lang='lat' dir='ltr'>veritati</span> 
     </span>
     <span class='ocr_line' id='line_1_23' title="bbox 356 2636 1302 2710; baseline 0.005 -7"><span class='ocrx_word' id='word_1_144' title='bbox 356 2641 545 2705; x_wconf 90' lang='lat' dir='ltr'>secundum</span> <span class='ocrx_word' id='word_1_145' title='bbox 571 2641 757 2706; x_wconf 91' lang='lat' dir='ltr'>relatorum</span> <span class='ocrx_word' id='word_1_146' title='bbox 781 2636 935 2706; x_wconf 89' lang='lat' dir='ltr'>meorum</span> <span class='ocrx_word' id='word_1_147' title='bbox 957 2642 1194 2710; x_wconf 88' lang='lat' dir='ltr'>credulitatem</span> <span class='ocrx_word' id='word_1_148' title='bbox 1221 2645 1302 2708; x_wconf 88' lang='lat' dir='ltr'>sub·</span> 
     </span>
     <span class='ocr_line' id='line_1_24' title="bbox 356 2740 1301 2826; baseline 0.007 -25"><span class='ocrx_word' id='word_1_149' title='bbox 356 2740 502 2804; x_wconf 86' lang='lat' dir='ltr'>traham.</span> <span class='ocrx_word' id='word_1_150' title='bbox 557 2741 685 2805; x_wconf 89' lang='lat' dir='ltr'>Nullus</span> <span class='ocrx_word' id='word_1_151' title='bbox 701 2761 796 2819; x_wconf 91' lang='lat' dir='ltr'>vero,</span> <span class='ocrx_word' id='word_1_152' title='bbox 811 2742 866 2805; x_wconf 96' lang='lat' dir='ltr'>cui</span> <span class='ocrx_word' id='word_1_153' title='bbox 883 2742 1029 2824; x_wconf 91' lang='lat' dir='ltr'>amplior</span> <span class='ocrx_word' id='word_1_154' title='bbox 1046 2744 1205 2824; x_wconf 84' lang='lat' dir='ltr'>provenit</span> <span class='ocrx_word' id='word_1_155' title='bbox 1222 2763 1301 2826; x_wconf 87' lang='lat' dir='ltr'>ges-</span> 
     </span>
     <span class='ocr_line' id='line_1_25' title="bbox 357 2841 1303 2926; baseline 0.006 -25"><span class='ocrx_word' id='word_1_156' title='bbox 357 2845 469 2903; x_wconf 90' lang='lat' dir='ltr'>torum</span> <span class='ocrx_word' id='word_1_157' title='bbox 500 2841 636 2918; x_wconf 91' lang='lat' dir='ltr'>notitia,</span> <span class='ocrx_word' id='word_1_158' title='bbox 662 2861 717 2905; x_wconf 94' lang='lat' dir='ltr'>me</span> <span class='ocrx_word' id='word_1_159' title='bbox 739 2861 802 2924; x_wconf 90' lang='lat' dir='ltr'>pro</span> <span class='ocrx_word' id='word_1_160' title='bbox 835 2842 1008 2907; x_wconf 92' lang='lat' dir='ltr'>incurioso</span> <span class='ocrx_word' id='word_1_161' title='bbox 1037 2849 1182 2924; x_wconf 90' lang='lat' dir='ltr'>arguat;</span> <span class='ocrx_word' id='word_1_162' title='bbox 1220 2844 1303 2926; x_wconf 91' lang='lat' dir='ltr'>quia</span> 
     </span>
     <span class='ocr_line' id='line_1_26' title="bbox 355 2941 1302 3007; baseline 0.006 -6"><span class='ocrx_word' id='word_1_163' title='bbox 355 2945 452 3002; x_wconf 87' lang='lat' dir='ltr'>trans</span> <span class='ocrx_word' id='word_1_164' title='bbox 479 2959 646 3004; x_wconf 90' lang='lat' dir='ltr'>oceanum</span> <span class='ocrx_word' id='word_1_165' title='bbox 675 2941 915 3005; x_wconf 89' lang='lat' dir='ltr'>Britannicum</span> <span class='ocrx_word' id='word_1_166' title='bbox 947 2942 1084 3005; x_wconf 88' lang='lat' dir='ltr'>abditos</span> <span class='ocrx_word' id='word_1_167' title='bbox 1111 2942 1173 3005; x_wconf 86' lang='lat' dir='ltr'>vix</span> <span class='ocrx_word' id='word_1_168' title='bbox 1205 2943 1302 3007; x_wconf 87' lang='lat' dir='ltr'>tenui</span> 
     </span>
     <span class='ocr_line' id='line_1_27' title="bbox 355 3039 1170 3105; baseline 0.005 -4"><span class='ocrx_word' id='word_1_169' title='bbox 355 3058 527 3103; x_wconf 88' lang='lat' dir='ltr'>murmure</span> <span class='ocrx_word' id='word_1_170' title='bbox 545 3061 657 3104; x_wconf 89' lang='lat' dir='ltr'>rerum</span> <span class='ocrx_word' id='word_1_171' title='bbox 678 3039 887 3105; x_wconf 88' lang='lat' dir='ltr'>Asianarum</span> <span class='ocrx_word' id='word_1_172' title='bbox 900 3040 993 3105; x_wconf 86' lang='lat' dir='ltr'>fama</span> <span class='ocrx_word' id='word_1_173' title='bbox 1007 3041 1170 3105; x_wconf 88' lang='lat' dir='ltr'>illustrat.</span> 
     </span>
    </p>
   </div>
   <div class='ocr_carea' id='block_1_4' title="bbox 248 3232 1305 3449">
    <p class='ocr_par' dir='ltr' id='par_1_4' title="bbox 248 3232 1305 3449">
     <span class='ocr_line' id='line_1_28' title="bbox 683 3232 969 3280; baseline 0.003 -1"><span class='ocrx_word' id='word_1_174' title='bbox 683 3233 730 3279; x_wconf 85' lang='lat' dir='ltr'>nn</span> <span class='ocrx_word' id='word_1_175' title='bbox 753 3232 969 3280; x_wconf 80' lang='lat' dir='ltr'>counrarno</span> 
     </span>
     <span class='ocr_line' id='line_1_29' title="bbox 248 3335 1305 3449; baseline -0.007 -40"><span class='ocrx_word' id='word_1_176' title='bbox 248 3362 307 3449; x_wconf 66' lang='lat' dir='ltr'>ayi</span> <span class='ocrx_word' id='word_1_177' title='bbox 407 3338 521 3421; x_wconf 78' lang='lat' dir='ltr'>§37a</span> <span class='ocrx_word' id='word_1_178' title='bbox 555 3338 698 3403; x_wconf 92' lang='lat' dir='ltr'>Initium</span> <span class='ocrx_word' id='word_1_179' title='bbox 727 3359 809 3421; x_wconf 87' lang='lat' dir='ltr'>ergo</span> <span class='ocrx_word' id='word_1_180' title='bbox 836 3339 977 3402; x_wconf 91' lang='lat' dir='ltr'>laudum</span> <span class='ocrx_word' id='word_1_181' title='bbox 1006 3357 1068 3401; x_wconf 87' lang='lat' dir='ltr'>rex</span> <span class='ocrx_word' id='word_1_182' title='bbox 1094 3335 1305 3402; x_wconf 88' lang='lat' dir='ltr'>Godesridus</span> 
     </span>
    </p>
   </div>
   <div class='ocr_carea' id='block_1_5' title="bbox 213 3429 1303 3521">
    <p class='ocr_par' dir='ltr' id='par_1_5' title="bbox 213 3429 1303 3521">
     <span class='ocr_line' id='line_1_30' title="bbox 213 3429 1303 3521; baseline 0.002 -21"><span class='ocrx_word' id='word_1_183' title='bbox 213 3451 246 3490; x_wconf 83' lang='lat' dir='ltr'>ou·</span> <span class='ocrx_word' id='word_1_184' title='bbox 263 3462 297 3491; x_wconf 65' lang='grc' dir='ltr'>ου.</span> <span class='ocrx_word' id='word_1_185' title='bbox 356 3429 534 3520; x_wconf 86' lang='lat' dir='ltr'>²occupat,</span> <span class='ocrx_word' id='word_1_186' title='bbox 551 3440 610 3521; x_wconf 93' lang='lat' dir='ltr'>qui</span> <span class='ocrx_word' id='word_1_187' title='bbox 637 3439 816 3503; x_wconf 90' lang='lat' dir='ltr'>Eustachii</span> <span class='ocrx_word' id='word_1_188' title='bbox 839 3439 975 3502; x_wconf 90' lang='lat' dir='ltr'>comitis</span> <span class='ocrx_word' id='word_1_189' title='bbox 995 3437 1237 3513; x_wconf 65' lang='lat' dir='ltr'>Bononiensis</span> <span class='ocrx_word' id='word_1_190' title='bbox 1260 3438 1303 3502; x_wconf 88' lang='lat' dir='ltr'>de</span> 
     </span>
    </p>
   </div>
   <div class='ocr_carea' id='block_1_6' title="bbox 354 3537 1304 3921">
    <p class='ocr_par' dir='ltr' id='par_1_6' title="bbox 354 3537 1304 3921">
     <span class='ocr_line' id='line_1_31' title="bbox 355 3537 1303 3622; baseline 0.002 -23"><span class='ocrx_word' id='word_1_191' title='bbox 355 3556 423 3619; x_wconf 94' lang='lat' dir='ltr'>quo</span> <span class='ocrx_word' id='word_1_192' title='bbox 448 3546 601 3621; x_wconf 92' lang='lat' dir='ltr'>tempore</span> <span class='ocrx_word' id='word_1_193' title='bbox 627 3540 718 3622; x_wconf 88' lang='lat' dir='ltr'>regis</span> <span class='ocrx_word' id='word_1_194' title='bbox 734 3539 894 3603; x_wconf 89' lang='lat' dir='ltr'>Edwardi</span> <span class='ocrx_word' id='word_1_195' title='bbox 913 3539 999 3614; x_wconf 89' lang='lat' dir='ltr'>dixi,</span> <span class='ocrx_word' id='word_1_196' title='bbox 1018 3537 1121 3614; x_wconf 92' lang='lat' dir='ltr'>filius,</span> <span class='ocrx_word' id='word_1_197' title='bbox 1143 3543 1303 3601; x_wconf 80' lang='lat' dir='ltr'>materno</span> 
     </span>
     <span class='ocr_line' id='line_1_32' title="bbox 355 3636 1304 3720; baseline 0.004 -22"><span class='ocrx_word' id='word_1_198' title='bbox 355 3639 580 3703; x_wconf 86' lang='lat' dir='ltr'>excellentior</span> <span class='ocrx_word' id='word_1_199' title='bbox 604 3659 741 3720; x_wconf 87' lang='lat' dir='ltr'>genere,</span> <span class='ocrx_word' id='word_1_200' title='bbox 770 3639 814 3703; x_wconf 95' lang='lat' dir='ltr'>ad</span> <span class='ocrx_word' id='word_1_201' title='bbox 833 3638 956 3702; x_wconf 91' lang='lat' dir='ltr'>Karoli</span> <span class='ocrx_word' id='word_1_202' title='bbox 983 3636 1099 3718; x_wconf 84' lang='lat' dir='ltr'>magni</span> <span class='ocrx_word' id='word_1_203' title='bbox 1121 3637 1304 3717; x_wconf 89' lang='lat' dir='ltr'>spectabat</span> 
     </span>
     <span class='ocr_line' id='line_1_33' title="bbox 354 3734 1303 3821; baseline 0.004 -24"><span class='ocrx_word' id='word_1_204' title='bbox 354 3736 491 3802; x_wconf 89' lang='lat' dir='ltr'>lineam.</span> <span class='ocrx_word' id='word_1_205' title='bbox 545 3739 720 3821; x_wconf 91' lang='lat' dir='ltr'>Siquidem</span> <span class='ocrx_word' id='word_1_206' title='bbox 736 3747 858 3816; x_wconf 86' lang='lat' dir='ltr'>mator,</span> <span class='ocrx_word' id='word_1_207' title='bbox 872 3738 936 3801; x_wconf 91' lang='lat' dir='ltr'>Ida</span> <span class='ocrx_word' id='word_1_208' title='bbox 953 3737 1102 3813; x_wconf 85' lang='lat' dir='ltr'>nominc,</span> <span class='ocrx_word' id='word_1_209' title='bbox 1120 3734 1303 3801; x_wconf 84' lang='lat' dir='ltr'>Godefridi</span> 
     </span>
     <span class='ocr_line' id='line_1_34' title="bbox 354 3836 1302 3921; baseline 0.004 -24"><span class='ocrx_word' id='word_1_210' title='bbox 354 3837 488 3919; x_wconf 92' lang='lat' dir='ltr'>antiqui</span> <span class='ocrx_word' id='word_1_211' title='bbox 519 3838 809 3921; x_wconf 90' lang='lat' dir='ltr'>Lotharingorum</span> <span class='ocrx_word' id='word_1_212' title='bbox 840 3839 937 3902; x_wconf 93' lang='lat' dir='ltr'>ducis</span> <span class='ocrx_word' id='word_1_213' title='bbox 966 3837 1050 3914; x_wconf 87' lang='lat' dir='ltr'>filia,</span> <span class='ocrx_word' id='word_1_214' title='bbox 1082 3836 1203 3900; x_wconf 90' lang='lat' dir='ltr'>babuit</span> <span class='ocrx_word' id='word_1_215' title='bbox 1233 3836 1302 3901; x_wconf 85' lang='lat' dir='ltr'>sra-</span> 
     </span>
    </p>
   </div>
   <div class='ocr_carea' id='block_1_7' title="bbox 350 4106 1302 4243">
    <p class='ocr_par' dir='ltr' id='par_1_7' title="bbox 350 4106 1302 4243">
     <span class='ocr_line' id='line_1_35' title="bbox 388 4106 1302 4179; baseline 0.003 -21"><span class='ocrx_word' id='word_1_216' title='bbox 388 4109 580 4176; x_wconf 52' lang='lat' dir='ltr'>murmane]</span> <span class='ocrx_word' id='word_1_217' title='bbox 600 4114 628 4163; x_wconf 76' lang='lat' dir='ltr'>S,</span> <span class='ocrx_word' id='word_1_218' title='bbox 641 4113 675 4162; x_wconf 90' lang='lat' dir='ltr'>D.</span> <span class='ocrx_word' id='word_1_219' title='bbox 690 4114 721 4161; x_wconf 85' lang='grc' dir='ltr'>Ε.</span> <span class='ocrx_word' id='word_1_220' title='bbox 731 4129 738 4173; x_wconf 85' lang='grc'>;</span> <span class='ocrx_word' id='word_1_221' title='bbox 756 4128 814 4161; x_wconf 74' lang='lat' dir='ltr'>atis·</span> <span class='ocrx_word' id='word_1_222' title='bbox 874 4106 1027 4179; x_wconf 63' lang='lat' dir='ltr'>wama]</span> <span class='ocrx_word' id='word_1_223' title='bbox 1045 4115 1078 4162; x_wconf 80' lang='lat' dir='ltr'>A.</span> <span class='ocrx_word' id='word_1_224' title='bbox 1101 4113 1130 4161; x_wconf 88' lang='lat' dir='ltr'>C.</span> <span class='ocrx_word' id='word_1_225' title='bbox 1148 4112 1183 4162; x_wconf 88' lang='lat' dir='ltr'>D.</span> <span class='ocrx_word' id='word_1_226' title='bbox 1200 4113 1233 4162; x_wconf 87' lang='grc' dir='ltr'>Ε.</span> <span class='ocrx_word' id='word_1_227' title='bbox 1250 4113 1302 4173; x_wconf 77' lang='lat' dir='ltr'>L.;</span> 
     </span>
     <span class='ocr_line' id='line_1_36' title="bbox 350 4182 1018 4243; baseline 0.003 -15"><span class='ocrx_word' id='word_1_228' title='bbox 350 4183 458 4243; x_wconf 80' lang='lat' dir='ltr'>teritete,</span> <span class='ocrx_word' id='word_1_229' title='bbox 470 4183 499 4231; x_wconf 86' lang='lat' dir='ltr'>L.</span> <span class='ocrx_word' id='word_1_230' title='bbox 837 4183 940 4230; x_wconf 87' lang='lat' dir='ltr'>omitted</span> <span class='ocrx_word' id='word_1_231' title='bbox 951 4183 977 4231; x_wconf 90' lang='lat' dir='ltr'>in</span> <span class='ocrx_word' id='word_1_232' title='bbox 989 4182 1018 4230; x_wconf 83' lang='lat' dir='ltr'>S.</span> 
     </span>
    </p>
   </div>
   <div class='ocr_carea' id='block_1_8' title="bbox 0 0 1444 4868">
    <p class='ocr_par' dir='ltr' id='par_1_8' title="bbox 0 0 1444 4868">
     <span class='ocr_line' id='line_1_37' title="bbox 0 0 1444 4868; baseline 0 0"><span class='ocrx_word' id='word_1_233' title='bbox 0 0 1444 4868; x_wconf 95' lang='lat' dir='ltr'> </span> 
     </span>
    </p>
   </div>
  </div>
 </body>
</html>
