2866 4868
330 393 397 459 696
616 404 792 459 nrsrorus
814 405 994 455 uovnnnn.
1147 391 1239 474 [nur.
1258 407 1285 455 r.-

331 564 564 649 cipitationis:
598 565 629 628 si
655 564 697 628 de
727 564 922 628 rumoribus
952 563 1081 646 agitur,
1105 564 1211 647 longe
1244 583 1283 629 se

332 667 435 730 aliter
457 666 587 730 habent
618 683 674 729 res
697 683 802 747 quam
826 671 952 728 vestrae
976 664 1070 747 apud
1092 684 1148 728 me
1170 665 1282 729 literae

333 773 581 849 protestantur.
633 762 692 829 Ad
715 763 802 841 haec,
828 763 859 826 si
874 765 981 828 verba
1001 783 1080 846 quae
1103 765 1283 847 posuistis,

332 866 364 931 si
393 865 522 930 ordinis
548 865 719 930 rationem
743 863 935 941 attenditis,
959 861 1029 948 (ut,
1054 863 1155 929 salva
1182 883 1282 929 reve·

256 1017 258 1020 .
332 967 445 1030 rentia
467 972 596 1042 vestra,
622 959 775 1048 loquar,)
798 962 984 1028 factionem
1008 963 1104 1027 illam
1128 971 1284 1030 vestram

334 1085 404 1148 qua
431 1064 651 1141 confidentia,
680 1082 751 1147 qua
779 1062 904 1140 fronte,
930 1062 1133 1128 electionem
1156 1084 1283 1130 vocare

334 1165 569 1247 praesumitis?
630 1163 703 1233 Cur
728 1163 826 1231 illum
856 1169 1009 1227 vestrum
1043 1162 1158 1228 dicitis
1189 1164 1282 1229 ordi·

334 1272 467 1342 natum,
495 1284 574 1329 cum
602 1282 744 1346 prorsus
774 1263 811 1326 in
848 1281 955 1326 causa
987 1261 1064 1345 ejus
1095 1263 1181 1327 ordo
1212 1284 1283 1330 non

333 1364 464 1429 fueritl
517 1363 650 1428 Siccine
666 1362 832 1430 didicistis
846 1381 974 1444 papam
990 1361 1144 1443 eligeret
1166 1362 1206 1427 in
1220 1383 1283 1428 an·

334 1465 429 1545 gulo,
451 1465 488 1527 in
512 1463 729 1539 abscondito,
743 1463 781 1526 in
797 1461 989 1534 tenebrosis
1004 1468 1040 1526 et
1053 1463 1175 1527 umbra
1190 1484 1283 1529 mor·

335 1564 407 1628 tist
440 1562 478 1626 Si
491 1570 627 1628 mortun
644 1581 745 1647 papae
759 1562 877 1627 vivum
888 1561 1071 1626 succedere
1082 1555 1282 1643 ¹volebatis,

334 1684 397 1730 cur
413 1669 586 1728 mortuum
604 1663 719 1731 vivere
736 1661 1004 1744 praedicabatis?
1027 1661 1138 1727 multo
1158 1663 1284 1729 melius

333 1770 411 1828 erat
433 1769 570 1831 mortuo
596 1762 847 1827 humanitatem
872 1761 1081 1844 impendere,
1108 1762 1217 1828 etsie
1238 1763 1283 1828 de

333 1863 406 1929 vivi
418 1862 544 1927 solatio
558 1862 723 1944 cogitare.
775 1861 842 1925 Sed
856 1880 937 1925 ecce
950 1862 958 1928 !
973 1854 1073 1926 ²dum
1087 1861 1130 1925 de
1144 1869 1283 1928 mortuo

334 1962 497 2027 solatium
520 1962 601 2029 vivo
625 1960 812 2044 requiritis,
838 1968 874 2027 ct
899 1961 1018 2027 vivum
1042 1968 1079 2026 et
1106 1968 1283 2026 mortuum

333 2062 464 2145 pariter
476 2061 684 2150 suffocastis.
718 2059 916 2138 Postremo,
931 2080 995 2125 nec
1009 2068 1176 2139 vestrum,
1191 2063 1283 2127 sicut

334 2181 398 2226 nec
425 2182 551 2239 meum,
574 2160 641 2225 suit
666 2161 816 2241 eligere;
855 2161 917 2229 sed
942 2161 1060 2244 potius
1081 2161 1234 2232 ‘electum
1259 2181 1283 2231 a

333 2262 499 2326 fratribus
516 2281 678 2344 spernere
695 2259 752 2325 vel
775 2262 981 2343 approbare.
1033 2258 1137 2338 Quod
1160 2261 1281 2343 igitur,

334 2363 495 2444 neglecto
518 2361 650 2438 ordine,
667 2366 866 2443 contempto
883 2364 1027 2437 canone,
1042 2367 1161 2443 spreto
1176 2363 1283 2425 etiam
1354 2396 1356 2403 ,

332 2462 411 2544 ipso
435 2481 457 2525 a
471 2462 572 2527 vebis
593 2461 732 2525 condite
757 2460 990 2537 anathemate,
1005 2479 1061 2524 me
1084 2460 1283 2526 inconsulto

333 2561 448 2643 priore
462 2568 591 2638 vestro,
610 2560 815 2625 inconsultis
829 2560 934 2629 ctiam
950 2559 1117 2624 fratribus
1138 2560 1282 2645 majori·

333 2662 400 2724 bus
414 2661 643 2744 etprioribuS,
655 2678 718 2724 nec
734 2659 840 2725 etiam
850 2659 985 2725 vocatis
1001 2666 1063 2724 aut
1074 2661 1285 2742 expectatis,-

335 2779 413 2825 cum
427 2761 549 2825 essetis
558 2759 682 2825 novitii
697 2765 733 2823 et
748 2759 786 2823 in
800 2778 942 2827 numero
958 2758 1056 2824 brevi
1068 2760 1284 2841 paucissimi,

334 2860 448 2924 lacere
464 2859 748 2944 praesumpsistis,
759 2878 823 2940 pro
836 2860 965 2925 infecto
982 2858 1179 2929 habendum
1193 2880 1283 2939 esse,

334 2967 371 3023 et
388 2959 631 3024 nihilomnino
653 2959 815 3037 existere,
837 2979 882 3025 ex
898 2959 978 3042 ipsa
994 2965 1112 3024 vestra
1132 2960 1286 3029 aestima.

334 3060 430 3124 tione
444 3058 590 3143 potestis
605 3059 797 3127 advertere,
849 3057 929 3123 cito
954 3066 1070 3124 autem
1092 3060 1283 3131 1101>an

334 3160 448 3223 minus
467 3159 579 3235 affuit,
593 3165 629 3223 et
644 3159 738 3224 viam
755 3177 824 3240 qua
847 3158 955 3223 errori
969 3165 1086 3224 vestro
1109 3161 1285 3229 contraire

334 3276 515 3341 possemus
541 3258 715 3338 ostendit;
737 3257 863 3322 iratres
888 3258 1058 3340 siquidem
1075 3259 1184 3330 vestri
1205 3244 1283 3329 car·

333 3358 466 3422 dinales
487 3356 652 3443 (quorum
683 3358 859 3440 praecipua
887 3359 999 3429 estin
1029 3358 1197 3424 electione
1217 3379 1282 3442 poa

333 3452 461 3541 testas)
488 3477 566 3522 cum
594 3457 698 3534 clero,
732 3458 894 3523 universo
924 3465 1111 3541 expetente
1137 3460 1281 3541 populo,

331 3576 411 3621 cum
425 3556 673 3622 honoratorum
683 3576 866 3635 consensu,
882 3558 919 3622 in
934 3556 1023 3634 luce,
1031 3558 1069 3622 in
1084 3557 1282 3637 manifesto,

331 3656 487 3720 unanimi
509 3663 593 3722 voto
620 3663 655 3721 et
681 3656 863 3736 desiderio,
896 3657 1078 3740 elegerunt
1104 3656 1281 3728 dominun

331 3755 476 3821 Petrum
492 3755 701 3820 cardinalem
715 3757 752 3820 in
764 3756 962 3821 Romanum
977 3749 1174 3839 pontificem
1182 3755 1282 3833 Ana}

330 3857 470 3923 cletum.
522 3856 627 3922 Hanc
643 3875 709 3939 ego
727 3856 930 3921 electionem
945 3857 1111 3921 canonice
1127 3856 1281 3926 celebra-

329 4137 335 4149 .
364 4065 582 4152 fV⁰²²l⁰²l⁸·].⁸·.
600 4070 631 4121 ⁰·
649 4071 701 4133 E·³
717 4072 789 4154 volu·
852 4095 966 4162 *Dema
987 4099 1016 4150 s.
1034 4100 1064 4152 c.
1077 4098 1113 4150 n.
1128 4100 1184 4152 sn.
1207 4100 1283 4164 ης

327 4142 395 4261 ῗῑὲ,
413 4140 465 4205 D.;
481 4140 598 4191 voluistis
608 4141 649 4193 vel
659 4142 792 4206 rolebatrs,
817 4168 958 4220 omittedin
969 4170 995 4231 Ε
1001 4172 1025 4230 1·
1120 4223 1122 4226 Α
