2866 4868
184 387 250 435 mn.
267 373 332 453 1v.]
407 388 520 436 onsrn
544 386 670 435 unoou
695 387 907 436 nuonoauu.
1065 372 1130 436 507

181 550 253 606 tam
267 544 415 607 ubertim
431 544 586 608 manavit
601 553 639 608 ut
655 543 805 608 vicinum
820 546 948 609 vadum
963 545 1129 612 inficeret.

183 640 359 707 Audiebat
383 644 441 708 ille
466 644 552 721 baec,
577 651 613 707 et
627 638 799 724 ¹ridebat3
824 665 886 710 neo
911 665 975 709 sua
997 647 1130 711 somnia

183 742 226 804 de
239 762 289 820 se,
304 763 367 806 nec
385 744 531 807 aliorum
545 744 633 820 visa,
650 763 788 807 curans.

235 841 348 925 §332
379 842 495 907 Multa
525 843 567 907 de
596 843 705 925 ipsius
730 836 831 906 ²nece
857 849 892 907 et
919 843 1068 925 praevisa
1094 850 1130 908 et

183 942 350 1024 praedicta
373 943 527 1006 homines
553 941 680 1019 ferunt,
708 962 854 1026 quorum
878 944 947 1007 tria
968 943 1129 1026 probabi-

183 1041 267 1104 lium
282 1041 469 1106 relatorum
483 1042 680 1106 testimonio
700 1042 841 1106 lecturis
857 1044 1128 1107 communicabo.

186 1141 365 1218 Edmerus,
380 1149 576 1206 nostrorum
598 1149 791 1223 temporum
813 1141 996 1206 historicus
1018 1143 1129 1206 since-

185 1242 288 1304 ritate
298 1242 454 1306 veritatis
471 1240 677 1317 laudanduS,
692 1240 776 1304 dicit
790 1241 939 1305 nobilem
953 1243 1050 1307 illum
1068 1262 1129 1307 ex-

187 1341 276 1403 ulem
293 1338 508 1418 Anselmum,
531 1360 609 1404 oum
628 1360 697 1423 quo
720 1341 851 1423 pariter
871 1343 982 1405 omnis
1009 1341 1130 1422 religio

184 1440 363 1517 exulabat,
382 1440 662 1504 Marcenniacum
671 1441 819 1518 venisse,
834 1447 874 1503 ut
888 1440 1052 1523 Hugonis
1069 1442 1130 1504 ab·

187 1540 278 1604 batis
293 1539 529 1604 Cluniacensis
552 1540 771 1604 conscientiae
793 1539 951 1623 querelas
971 1561 1130 1604 curarum

185 1659 325 1704 suarum
349 1641 533 1722 ingereret.
585 1639 653 1716 Ibi,
675 1659 753 1703 cum
779 1638 821 1702 de
852 1659 932 1720 rege
955 1640 1131 1704 Willelmo

186 1759 299 1804 sermo
323 1741 549 1817 volutaretur,
574 1740 734 1802 abbatem
761 1739 963 1820 praedictum
990 1740 1131 1818 dixisse,

188 1840 347 1921 proxima
370 1847 471 1903 nocte
495 1859 611 1921 regem
632 1839 730 1902 illum
748 1845 828 1902 ante
843 1838 957 1902 Deum
978 1839 1131 1917 ductum,

187 1947 223 2003 et
246 1939 482 2023 adjudicatum
506 1939 631 2002 librato
651 1939 797 2022 judicio,
824 1939 958 2003 tristem
973 1933 1132 2003 ³damna·

188 2039 291 2103 tionis
305 2040 451 2102 subiisse
468 2039 685 2102 sententiam.
737 2037 780 2100 Id
797 2058 868 2121 quo
885 2039 986 2103 modo
1002 2047 1132 2116 nosset,

189 2157 252 2202 nec
281 2139 356 2220 ipse
381 2148 464 2202 tunc
486 2139 660 2220 exposuit,
683 2157 746 2201 nec
769 2138 894 2219 aliquis
920 2138 1133 2202 audientium

188 2239 387 2320 requisivit:
422 2245 661 2314 veruntamen,
687 2257 749 2319 pro
775 2239 933 2302 contuitu
957 2238 1134 2319 religionis

188 2338 276 2421 ejus,
293 2337 379 2401 nulli
401 2339 625 2420 praesentium
647 2336 689 2400 de
711 2336 778 2400 fide
802 2337 971 2402 dictorum
995 2338 1134 2402 inhaesit

191 2437 401 2519 ambiguum.
455 2436 542 2520 Ejus
568 2443 644 2500 erat
667 2435 749 2500 vitae
772 2436 894 2518 Hugo,
917 2437 994 2521 ejus
1019 2437 1133 2515 famae,

189 2544 229 2601 ut
248 2556 366 2601 omnes
387 2535 462 2619 ejus
478 2529 710 2618 *suspicerent
724 2535 909 2618 eloquium,
927 2538 1135 2601 mirarentur

192 2636 384 2713 consilium,
400 2637 500 2717 quasi
516 2656 562 2699 ex
578 2635 711 2698 coelesti
724 2635 821 2698 aditu
836 2635 1046 2700 insonuisset
1057 2655 1135 2700 ora·

191 2736 314 2799 culum.
348 2734 424 2799 Nec
442 2735 550 2799 multo
567 2742 647 2816 post
661 2735 787 2811 occiso,
806 2742 845 2798 ut
861 2735 1025 2812 dicemus,
1043 2755 1136 2817 rege,

190 2836 286 2899 venit
309 2836 456 2899 nuncius
473 2842 513 2898 ut
537 2834 654 2898 sedem
681 2853 781 2897 suam
803 2833 1004 2917 dignaretur
1025 2834 1136 2899 archi-

190 2936 381 3019 episcopus.

242 3033 352 3117 §333.
376 3032 493 3096 Pridie
515 3050 619 3114 quam
643 3026 844 3098 ⁶excederet
856 3033 943 3113 vita,
964 3033 1050 3098 vidit
1076 3052 1138 3116 per

191 3133 342 3218 quietem
359 3152 396 3197 se
413 3131 625 3216 phlebotomi
640 3133 713 3195 ictu
735 3135 938 3214 sanguinem
960 3134 1136 3212 emittere3

193 3233 327 3296 radium
347 3232 477 3295 cruoris
498 3233 535 3295 in
549 3231 675 3295 ooelum
690 3250 799 3313 usque
814 3240 1011 3314 protentum
1025 3232 1138 3296 lucem

192 3333 406 3409 obnubilare,
438 3331 529 3394 diem
562 3331 782 3414 interpolare.
854 3332 923 3408 lta,
952 3331 1139 3394 inclamata

193 3440 316 3496 sancta
350 3431 477 3507 Maria,
509 3450 630 3495 somno
668 3448 848 3507 excussus,
879 3432 993 3494 lumen
1022 3429 1140 3494 inferri

194 3532 372 3616 praecepit,
399 3537 435 3595 et
460 3530 689 3594 cubicularios
715 3549 737 3592 a
757 3548 795 3594 se
820 3530 994 3595 discedere
1017 3531 1167 3598 vetuit..

229 3963 343 4036 er‘]
362 3969 390 4018 S·
413 3969 443 4018 c·
461 3967 495 4018 D·
512 3969 559 4027 Ea
582 3967 657 4014 inter·
683 3924 732 3985 L.;
749 3925 916 3985 susciperent,
927 3924 956 3973 S.
968 3922 1033 3988 (var.
1046 3920 1117 3987 lect.)

196 4042 244 4137 itui
254 4038 452 4168 ilossaotiooit]
469 4105 502 4155 Α.
522 4107 551 4156 S.
573 4108 602 4156 C.
623 4105 658 4153 D·
684 4056 956 4196 iret'Echederetviw·]
975 4061 1071 4121 1)·Εή
1090 4073 1146 4121 ρετ.

196 4181 220 4228 Ε
228 4184 253 4229 2.
265 4180 314 4239 L.;
331 4177 434 4226 omitted
446 4179 472 4225 in
483 4177 507 4224 E
517 4182 541 4226 1.
