2866 4868
352 417 418 482 610
566 432 680 482 cnsrn
703 432 830 480 annun
854 430 1068 479 ancmnuu.
1150 413 1236 496 [ma.
1253 429 1303 478 ιν.

192 610 337 650 mnarum
354 591 546 654 habiturus.
600 590 694 653 Nam
709 589 915 671 promiserat
932 588 1001 652 ista
1023 606 1098 665 rex,
1115 605 1184 650 non
1200 588 1303 650 datu·

192 661 279 760 labli}
352 709 412 752 rus
426 710 435 769 ;
449 689 522 766 sed,
533 689 651 752 fratris
667 689 870 752 facilitatem
882 708 952 751 non
962 689 1131 764 nesciens
1140 686 1304 750 blandam

353 788 592 854 credulitatem
620 790 750 853 luserat
768 789 849 850 dum
875 788 1011 850 interim
1035 787 1131 850 calor
1157 786 1303 850 bellicus

353 889 614 953 defervesceret.
655 889 766 952 Porro
780 888 851 965 ille,
866 888 965 970 quasi
982 907 1060 950 cum
1073 887 1214 951 fortuna
1229 905 1301 949 cer·

353 996 445 1053 taret
464 995 580 1052 utrum
604 988 683 1070 plus
705 988 767 1051 illa
790 989 888 1051 daret
913 1007 958 1049 an
979 988 1054 1069 ipse
1076 986 1303 1069 dispergeret,

353 1088 429 1152 sola
437 1088 617 1152 voluntate
632 1088 760 1169 reginae
773 1088 879 1150 tacite
892 1086 1101 1169 postulantis
1112 1092 1302 1167 comperta,

354 1195 489 1251 tantam
515 1206 665 1250 massam
688 1187 823 1268 argenti
846 1186 1016 1266 benignus
1038 1186 1074 1248 in
1096 1193 1301 1268 perpetuum

354 1288 508 1368 ignovit;
525 1288 674 1350 acclines
686 1285 840 1350 foeminei
849 1285 959 1349 fastus
968 1304 1088 1368 preces
1099 1304 1162 1367 pro
1174 1304 1302 1366 magno

353 1386 587 1450 exosculatus.
632 1386 719 1449 Erat
734 1386 825 1448 enim
841 1386 917 1469 ejus
932 1386 968 1448 in
982 1385 1155 1468 baptismo
1179 1385 1299 1462 filiola,

354 1486 561 1549 offensarum
575 1486 682 1566 igitur
699 1492 775 1550 erat
788 1486 986 1564 immemor;
1010 1485 1200 1567 culparum,
1214 1504 1301 1566 qua-

354 1591 455 1648 tenus
483 1605 552 1648 non
578 1586 691 1659 debet,
719 1586 903 1664 remiss0r3
941 1585 1100 1648 omnibus
1127 1604 1190 1667 pro
1215 1593 1301 1648 voto

353 1685 566 1766 respondens
592 1685 810 1761 adeuntibus,
826 1705 869 1747 ne
891 1685 1008 1748 tristes
1030 1684 1240 1763 dimitteret;
1264 1691 1300 1748 et

354 1783 446 1865 quod
462 1784 544 1846 dare
564 1804 633 1846 non
653 1791 783 1866 posset,
802 1778 1071 1866 ¹repromittens.
1124 1782 1205 1861 Qua
1227 1802 1301 1846 mo·

353 1902 428 1944 rum
443 1882 633 1959 dulcedine,
649 1884 708 1964 qui
729 1882 864 1946 laudari
888 1890 924 1946 et
946 1882 1180 1966 subjectorum
1202 1902 1299 1945 amo-

353 2001 424 2044 rem
450 1983 595 2045 mercari
616 1983 793 2060 debuerat,
815 1983 901 2046 adeo
923 1983 960 2045 in
987 1990 1220 2065 contemptum
1244 1983 1300 2045 sui

353 2080 577 2145 Normannos
592 2084 731 2146 exacuit
744 2089 784 2146 ut
803 2082 931 2144 nullius
947 2102 1023 2145 eum
1038 2083 1202 2145 momenti
1215 2075 1301 2145 ²ees-

191 2192 340 2282 {lilim
352 2181 527 2245 timerent.
579 2181 677 2246 Tunc
690 2182 779 2244 enim
797 2188 978 2264 potentum
996 2181 1141 2263 quisque
1156 2181 1221 2245 sibi
1238 2182 1300 2244 ad-

257 2254 278 2293 y'
352 2281 495 2357 versari,
516 2273 616 2344 ³tunc
639 2282 811 2344 manubiae
828 2281 1024 2363 praedarum
1037 2300 1099 2363 per
1112 2287 1223 2344 totam
1244 2301 1300 2344 re-

352 2379 490 2459 gionem
506 2380 576 2461 agi,
590 2386 673 2442 tunc
690 2379 816 2461 vulgus
834 2380 1016 2463 expoliari.
1057 2379 1154 2458 Quas
1168 2380 1300 2444 incom-

350 2478 535 2542 moditates
551 2479 668 2543 comiti
691 2479 920 2561 provinciales
940 2478 1145 2555 deferentes,
1164 2479 1299 2543 nullum

350 2577 545 2641 referebant
568 2578 757 2658 auxilium3
781 2579 863 2642 dum
883 2579 942 2642 ille
963 2579 1073 2661 primo
1096 2585 1299 2657 commotus,

351 2696 433 2739 mox
448 2677 504 2741 vel
519 2678 744 2754 munusculis,
762 2678 819 2742 vel
843 2679 1007 2760 temporis
1032 2678 1223 2741 intercessu
1244 2679 1298 2742 ira

349 2775 607 2857 languescente,
628 2777 832 2841 leniebatur.
879 2778 1022 2854 Iccirco,
1037 2778 1201 2841 extremis
1226 2797 1297 2841 ma-

350 2875 393 2938 lis
411 2876 589 2953 admoniti,
609 2896 710 2958 opem
727 2878 819 2958 regis
837 2877 982 2940 Henrici
997 2896 1160 2940 censuere
1173 2877 1299 2959 implo-

350 2976 507 3052 randam,
534 2982 575 3038 ut
596 2976 769 3040 laboranti
796 2977 920 3059 patriae
943 2984 1169 3040 succurreret.
1231 2976 1297 3040 Ille

349 3066 577 3137 4Caesarianae
604 3075 787 3139 sententiae
810 3077 989 3152 assistens
1014 3075 1073 3139 ‘Si
1095 3075 1297 3141 violandum

351 3179 404 3236 est
413 3173 486 3256 jus,
504 3175 618 3254 gratia
632 3174 760 3238 civium
775 3173 976 3238 violandum
992 3181 1066 3254 est;
1090 3175 1167 3238 aliis
1190 3175 1295 3239 rebus

349 3270 515 3353 pietatem
539 3272 657 3349 eolas,'
671 3293 741 3336 non
763 3273 868 3336 semel
889 3274 926 3335 in
940 3273 1191 3337 Normanniam
1206 3274 1300 3338 vires

303 3447 305 3450 Ι
350 3370 500 3453 trajecit,
515 3377 555 3434 ut
569 3371 741 3435 laboranti
753 3372 900 3455 justitiae
916 3392 1056 3436 manum
1073 3373 1194 3436 daret:
1217 3379 1298 3436 tan·

349 3476 492 3551 tumque
506 3477 682 3552 postremo
697 3470 820 3548 valuit,
835 3478 875 3534 ut
891 3479 1000 3536 totam
1014 3479 1155 3550 terram,
1169 3479 1298 3554 praeter

351 3568 599 3650 Rotomagum,
614 3576 649 3632 et
668 3569 854 3647 Falesium‚
867 3577 903 3634 et
916 3569 1118 3649 Cadomum,
1130 3571 1298 3655 subjuga-

282 3681 287 3691 ·
348 3674 413 3730 ret.
465 3667 488 3730 J
492 3688 617 3750 amque
649 3669 693 3731 ad
722 3669 787 3733 hoc
818 3670 995 3734 Robertus
1018 3678 1172 3748 venerat,
1197 3677 1238 3734 ut
1260 3672 1299 3736 in

347 3767 435 3829 vicis
464 3767 534 3830 illis
562 3788 650 3851 pene
678 3787 716 3832 se
743 3769 854 3833 altero
871 3778 1070 3851 vagaretur,
1102 3771 1298 3853 precarium

381 3997 390 4028 ¹
402 4000 603 4064 Repromittena]
620 4002 656 4050 D.
672 4005 703 4054 E.
714 4021 721 4065 ς
740 4019 807 4054 com·
869 4001 879 4031 ³
892 4004 979 4067 Tana]
988 4005 1144 4067 A.S.c.L.;
1156 4006 1296 4056 omittedin

345 4070 501 4128 promittens,
511 4069 545 4119 A.
558 4071 586 4119 S.
601 4072 629 4120 G.
643 4073 673 4121 L.
833 4073 868 4121 D.
880 4075 913 4122 E.

380 4134 580 4202 ²AEstimarent.]
593 4140 662 4190 As.
671 4143 701 4193 C.
708 4143 743 4193 D.
753 4144 807 4190 Ea.
867 4140 878 4172 ⁴
891 4144 1038 4192 sarariam
1054 4139 1202 4212 sententie]
1223 4145 1298 4194 Com-

345 4205 377 4256 Β.
385 4220 395 4268 ;
414 4208 577 4271 aestimarant,
588 4211 612 4257 Ε
622 4215 644 4260 l.
832 4225 893 4272 pare
899 4213 998 4276 Cicero,
1005 4214 1046 4262 De
1053 4213 1296 4267 ostensuram.
