2866 4868
187 432 322 513 crau]
420 448 533 496 onsrn
557 447 684 495 aneon
708 447 919 495 nuenouuu.
1070 429 1136 494 679

188 603 325 668 cederet
347 606 414 669 nisi
431 605 542 670 dulce.
595 606 776 685 Quantula
791 624 874 669 vero
897 612 1012 688 potest
1025 603 1135 667 videri

187 701 264 767 haec
287 704 363 788 ejus
390 705 570 770 laudatio?
623 706 762 785 Quotus
787 706 878 769 enim
906 705 1053 787 quisque
1079 710 1133 766 est

188 804 248 885 qui
265 805 320 868 vel
342 805 520 868 minimum
538 807 647 869 literis
669 808 822 870 imbutus
843 825 912 868 non
931 804 1018 867 alios
1042 802 1133 865 infra

187 903 393 985 dignitatem
415 924 514 967 suam
535 905 706 988 opinetur,
722 906 853 969 tumido
868 912 969 986 gestu
983 911 1017 967 et
1036 922 1132 986 pom-

187 1003 303 1085 patico
328 1004 465 1068 incessu
491 1024 563 1087 prae
589 1024 627 1069 se
652 1005 765 1069 ferens
787 1004 1034 1069 conscientiam
1055 1002 1133 1065 lite·

186 1105 326 1166 rarum?
378 1104 628 1182 Veruntamen,
644 1125 688 1168 ne
703 1106 785 1188 quid
799 1103 1018 1187 perfectionis
1032 1121 1131 1165 sanc-

187 1208 233 1266 tae
258 1202 395 1268 deesset
422 1205 558 1282 animae,
575 1206 693 1269 multis
714 1205 773 1269 ille
800 1205 902 1267 annis
926 1203 1132 1284 grabbatum

186 1300 286 1380 fovit,
303 1304 438 1368 camino
455 1304 627 1370 diuturnae
641 1305 731 1370 tabis
753 1304 922 1367 medullas
938 1311 973 1367 et
989 1307 1133 1385 peccata

187 1394 382 1468 ¹excoctus.

187 1591 234 1637 DE
271 1591 550 1642 TRANSLATIONE
587 1594 717 1642 SANOTI
761 1595 958 1652 GUTBERTI,
1001 1594 1047 1640 ET
1086 1594 1133 1639 DE

236 1691 376 1740 SANOTA
404 1693 677 1754 ETHRLDRITHA,
699 1696 855 1754 QUORUM
879 1694 1045 1741 CORPORA
1078 1691 1134 1738 ΙΝ-

185 1839 189 1845 ,
236 1790 357 1839 TEGRA
380 1792 541 1840 INVENTA
565 1793 672 1841 SUNT.

238 1899 256 1982 ᾗ
285 1901 361 1964 445.
401 1900 469 1964 Sed
497 1901 580 1984 quid
611 1901 654 1964 de
684 1901 811 1965 talibus
843 1900 970 1983 plural
1022 1901 1133 1964 Erant
1144 1915 1275 2007 &offii-

185 2018 328 2081 prorsus
355 2008 438 2064 tunc
459 2001 495 2063 in
518 1999 649 2082 Anglia
672 2001 773 2064 multi
797 2000 943 2063 scientia
966 2000 1131 2076 illustres,
1256 1995 1261 2006 '

185 2099 351 2181 religione
365 2101 536 2180 celebres;
560 2119 707 2182 quorum
724 2100 835 2164 virtus
854 2119 895 2162 eo
911 2099 1132 2181 probabilior,

186 2218 269 2281 quo,
294 2201 410 2264 seculo
440 2208 653 2278 senescente,
679 2199 893 2263 constantior
917 2207 952 2263 et
978 2200 1131 2263 viridior.

188 2297 425 2364 Laudabiliter
445 2301 554 2383 igitur
570 2299 720 2365 vivendo
743 2299 845 2362 fidem
871 2300 1057 2381 praeteritis
1079 2299 1131 2362 fa-

186 2399 324 2464 ciebant
348 2400 513 2478 historiis,
538 2421 580 2464 ne
596 2408 716 2465 vetera
737 2399 872 2482 possint
893 2398 1056 2463 falsitatis
1079 2418 1134 2462 ar-

186 2499 260 2580 gui,
286 2519 364 2564 oum
390 2520 558 2565 novorum
580 2500 740 2582 exemplo
762 2499 952 2581 probentur
978 2500 1133 2581 potuisse

187 2597 270 2662 fieri.
323 2599 418 2678 Quin
435 2601 540 2663 etiam
557 2600 661 2682 siqui
678 2606 794 2662 essent
805 2599 1028 2662 ecelesiarum
1044 2619 1132 2681 prae-

186 2698 250 2762 lati
265 2699 325 2782 qui
338 2700 538 2764 viderentur
554 2700 597 2762 ab
623 2699 844 2781 antiquorum
869 2699 1055 2762 sanctitate
1073 2699 1132 2762 de·

188 2817 344 2880 generes,
360 2800 398 2862 in
417 2800 649 2863 mundialibus
673 2798 806 2862 scilicet
822 2797 989 2875 efficaces,
1003 2799 1039 2861 in
1062 2799 1132 2880 spi·

186 2897 371 2963 ritualibus
387 2899 545 2979 desides3
572 2899 673 2975 tales,
696 2899 849 2980 inquam,
872 2899 901 2961 si
924 2898 982 2980 qui
1006 2906 1133 2974 essent,

188 2999 400 3081 sumptuosis
425 2999 580 3064 locorum
609 2998 758 3062 cultibus
782 2999 996 3061 conabantur
1018 3005 1133 3061 errata

187 3098 404 3163 obumbrare.
456 3098 623 3180 Erigebat
646 3099 792 3180 quisque
817 3097 947 3179 templa
971 3096 1133 3173 recentia,

186 3207 455 3283 sanctorumque
470 3217 610 3262 suorum
626 3204 770 3278 argento
791 3204 827 3260 et
847 3215 932 3259 auro
953 3196 1135 3260 amiciebat

188 3317 346 3382 corpora,
380 3297 465 3362 nihil
492 3296 787 3381 praetermittendo
819 3295 989 3360 charitate
1017 3315 1134 3378 sump-

187 3405 286 3461 tuum
302 3399 394 3482 qnod
416 3398 460 3461 ad
482 3399 632 3480 gratiam
654 3397 764 3480 possit
782 3396 919 3458 allicere
943 3395 1060 3459 oculos
1083 3397 1135 3458 in-

187 3499 370 3562 tuentium.
423 3494 580 3576 Quorum
602 3504 656 3560 est
672 3495 870 3561 Rannulfus
895 3494 1053 3577 superius
1074 3515 1136 3558 no-

188 3596 352 3676 minatus
366 3599 437 3681 qui,
453 3599 546 3681 apud
570 3597 780 3661 Dunelmum
805 3595 917 3658 factus
940 3596 1135 3677 episeopus,

186 3698 224 3761 in
241 3698 396 3763 aedificiis
410 3698 656 3761 monachorum
671 3697 783 3772 novis,
801 3702 836 3758 et
851 3695 944 3758 beati
954 3693 1137 3758 Cuthberti

188 3799 423 3875 veneratione,
438 3797 640 3860 nonnullam
657 3796 804 3877 gloriam
819 3794 949 3858 nomini
964 3813 1027 3858 suo
1043 3795 1136 3857 com2

188 3904 325 3963 mentus
339 3906 412 3962 est:
437 3897 536 3981 cujus
561 3895 688 3959 extulit
701 3895 829 3959 famam
845 3888 992 3957 ²sacrati
1015 3913 1137 3975 corpo·
1151 3914 1205 3954 un.
1217 3914 1272 3953 1104.

224 4168 233 4202 ¹
244 4170 389 4237 decocta]
401 4173 435 4224 A.
446 4175 476 4224 G.
489 4175 523 4224 D.
537 4175 569 4225 E.
581 4175 652 4234 L2.;
712 4169 855 4234 litterata]
880 4171 914 4221 A.
928 4174 957 4222 C.
976 4173 1011 4222 D.
1024 4173 1056 4221 Ε.
1068 4173 1122 4222 L2.
1134 4189 1140 4232 ς

189 4243 333 4304 excorians,
345 4243 374 4293 S.
678 4243 807 4304 sanctuni.

965 4333 1036 4378 2Υ2
