2866 4868
190 413 258 461 ure.
277 397 327 478 v.]
422 414 536 465 nasus
560 415 687 464 annun
711 416 925 466 nncuoauu.
1076 403 1139 466 eal

190 571 314 656 majori
344 591 450 636 manu
480 573 626 638 militum
655 593 759 656 quam
793 574 936 639 timebat
972 583 1139 660 exceptus

190 679 336 736 mortem
350 673 548 749 maturavit,
567 674 694 737 crebris
716 674 841 738 ictibus
856 674 958 755 galea
973 683 1139 756 quassata
1174 737 1179 752 ,

189 772 367 835 cerebrum
382 770 545 837 violatus.
598 772 748 836 Causam
772 774 888 838 ferunt
912 776 1022 839 morbi
1050 794 1137 857 aug·
1236 824 1247 835 .

190 871 347 949 mentati,
364 871 457 953 quod
473 891 516 936 oa
530 871 585 935 die
608 873 727 936 allium
743 892 820 937 cum
842 892 930 937 auca
944 893 1136 957 praesump·

190 971 285 1048 serit,
314 990 379 1035 uec
404 977 506 1035 nocte
528 991 653 1036 venere
676 972 893 1038 abstinuerit.
946 972 1017 1038 Hic
1041 973 1136 1036 intu-

190 1070 339 1134 ebuntur
363 1070 495 1152 posteri
516 1071 680 1135 eximium
700 1073 828 1153 regalis
853 1073 993 1154 pietatis
1019 1092 1136 1136 exem-

188 1168 296 1250 plum,
319 1170 412 1252 quod
442 1169 611 1234 medicum
642 1171 888 1253 peritissimum
919 1172 1134 1237 decumbenti

187 1267 340 1349 miserit3
366 1268 639 1352 illachrymatus,
664 1271 695 1333 si
717 1272 899 1348 credimus,
913 1272 1033 1335 morbo
1055 1292 1133 1354 per·

187 1368 250 1446 ire,
280 1387 380 1451 quem
416 1388 480 1451 pro
512 1369 741 1434 admiratione
765 1370 975 1436 fortitudinis
1005 1371 1134 1436 salvari

189 1467 379 1533 maluisset.
417 1467 687 1553 Successorejus
699 1469 853 1535 Karolus
864 1471 961 1534 nulla
975 1470 1134 1534 molestia
1145 1487 1268 1526 enarra

188 1567 279 1631 vires
304 1569 397 1650 regis
420 1567 647 1650 inquietavit;
670 1569 781 1652 primo
798 1569 927 1633 foederc
952 1588 1133 1652 suspenso,

187 1685 270 1731 mox
298 1668 405 1732 etiam
437 1661 703 1745 ¹cousummato,
734 1668 921 1732 amicitiam
952 1668 1028 1752 ejus
1059 1688 1133 1732 am·

187 1766 322 1848 plexus.
898 1822 904 1840 .

238 1865 256 1949 ξ
280 1865 354 1930 404.
381 1865 562 1948 Philippus
595 1885 658 1929 rex
683 1866 897 1930 Francorum
918 1867 992 1948 regi
1015 1873 1133 1931 nostro
1148 1880 1280 1969 Pppirkins

188 1985 258 2029 neo
270 1958 383 2029 'utilis
399 1985 462 2030 nec
476 1964 623 2028 infestus
639 1964 717 2042 fuit,
732 1973 918 2047 propterea
934 1965 1027 2049 quod
1043 1942 1159 2030 esset⁰
1194 1941 1263 1969 'am'

188 2064 303 2130 ventri
315 2064 427 2146 magis
437 2084 543 2146 quam
558 2063 707 2146 negotiis
723 2065 873 2143 deditus,
887 2085 952 2129 nec
965 2071 1135 2148 praeterea

187 2163 224 2226 in
238 2163 391 2227 castellis
408 2163 482 2246 ejus
505 2163 779 2245 collimitaneus;
802 2184 916 2247 pauca
938 2165 1042 2241 enim,
1055 2183 1135 2246 quae

186 2268 270 2327 tunc
294 2261 445 2328 habebat
471 2263 508 2327 in
535 2262 765 2342 Normannia‚
788 2264 900 2346 magis
929 2263 1135 2328 Brittanniae

104 2361 110 2368 “
188 2379 294 2444 quam
313 2361 471 2426 Franciae
486 2362 602 2426 vicina
622 2370 741 2426 erant:
764 2363 853 2427 adde
876 2362 968 2446 quod
990 2356 1061 2448 (³ut
1077 2383 1136 2426 su-

185 2586 230 2637 lite
241 2587 322 2638 iuthe
338 2593 482 2651 monastery
492 2588 521 2637 ol
534 2587 571 2637 St.
585 2588 649 2636 Ber·
672 2593 783 2652 ceratus,
800 2588 877 2638 tantis
893 2589 1015 2639 laudibus
1033 2589 1137 2652 effulsit,

185 2656 328 2720 tinfwhere
339 2659 371 2708 he
377 2672 432 2708 was
443 2658 543 2708 buried.
560 2658 650 2719 Meye·
673 2663 702 2706 ut
717 2659 786 2708 fama
797 2659 897 2708 virtutis
916 2661 973 2720 ejus
989 2673 1035 2720 per
1050 2674 1137 2708 omnes

187 2741 233 2776 rus
248 2725 328 2792 (Anu.
339 2727 431 2777 Fland.
450 2729 496 2778 lib.
507 2728 587 2776 1v.ad
607 2743 648 2777 an.
673 2728 856 2778 diffunderetur
866 2729 995 2791 regiones:
1011 2730 1085 2790 cnjus
1103 2729 1137 2777 si·

188 2794 274 2860 111⁰),
286 2798 387 2847 citedin
398 2799 525 2860 Bouqnet,
536 2810 597 2847 x111.
608 2801 650 2859 14,
673 2803 717 2846 cut
735 2799 816 2847 virtus
835 2812 913 2859 supra
931 2797 1032 2846 modum
1053 2798 1136 2846 artatis

187 2868 275 2916 writes
285 2866 314 2916 of
321 2867 373 2917 this
383 2869 452 2917 carl:
464 2868 519 2916 ‘Eo
530 2872 652 2928 tempore,
673 2869 729 2930 ejus
745 2868 884 2917 subitaneis
900 2866 1059 2916 incrementis
1075 2868 1136 2915 emi·

186 2936 317 2986 Hemicns
327 2937 467 2998 Anglorum
485 2951 528 2986 rex
548 2937 649 2985 fratrem
673 2938 736 3000 cuit,
746 2938 784 2986 sic
797 2937 897 2986 occulta
909 2937 959 2984 Dei
971 2935 1136 2997 dispositione
1218 2992 1221 2999 ¹

186 3018 262 3055 mum
278 3006 417 3055 Robertnm
428 3006 591 3055 Normanniae
602 3005 651 3054 du·
673 3008 765 3067 coeptis
776 3007 832 3067 ejus
849 3006 975 3066 obviante,
986 3005 1030 3054 diu
1042 3005 1135 3054 durare

186 3075 479 3126 eamde'l'errasaucta
486 3079 650 3124 revertentem
673 3090 722 3124 uon
741 3077 832 3136 potnit.
867 3075 936 3123 Nam
959 3088 1017 3122 cnm
1039 3074 1135 3123 dictum

187 3145 216 3194 in
224 3146 328 3196 vincula
347 3146 463 3208 conjecit,
474 3159 504 3194 eo
515 3144 584 3206 quod
594 3159 651 3206 reg·
668 3146 788 3206 juvenem
795 3143 961 3194 Guillelmum
972 3144 999 3191 in
1005 3147 1136 3205 paternam

186 3229 248 3265 num
256 3215 369 3280 Anglioe,
379 3219 409 3264 ut
417 3215 544 3264 maximus
555 3213 651 3274 stirpis,
673 3213 846 3263 hereditatem
873 3212 1005 3262 restituere
1038 3212 1136 3274 nititur,

187 3284 257 3346 qnod
273 3285 317 3334 ille
332 3287 508 3345 occupaverat,
518 3287 650 3343 repeteret.
673 3283 904 3344 Normanniamque
919 3282 1015 3343 saepius
1024 3281 1137 3343 infestat,

188 3353 272 3418 Cujus
289 3355 357 3403 iilius
367 3353 522 3404 Guillelmus
538 3351 651 3401 exhaere·
673 3358 746 3402 scuto
764 3353 856 3415 ipsius,
872 3356 902 3401 ut
917 3351 1004 3410 fertur,
1022 3351 1075 3399 ictu
1092 3366 1137 3399 cu·

187 3423 264 3473 datus
286 3423 320 3471 ad
341 3422 408 3472 hunc
431 3421 587 3470 Bulduinum
609 3435 650 3469 co·
669 3423 774 3484 jusdam
793 3422 881 3471 militis
897 3421 973 3468 fronti
987 3421 1043 3482 ejus
1059 3421 1137 3479 illiso,

188 3495 274 3542 mitem
284 3491 498 3554 consanguineum
509 3504 650 3539 suumcon·
674 3493 784 3554 graviter
800 3492 963 3550 vulneratum
984 3504 1064 3550 eoque
1080 3490 1138 3538 vul-

186 3560 270 3625 fugit:
286 3575 362 3623 quem
378 3561 427 3610 iste
437 3572 521 3608 comes
536 3559 650 3608 nutriens
674 3576 733 3611 nere
752 3561 853 3610 tandem
871 3561 948 3609 vitam
968 3573 1026 3608 cum
1046 3559 1139 3620 princi·

186 3634 214 3680 et
234 3630 387 3680 militaribus
413 3628 490 3678 armis
513 3629 650 3692 instruens,
674 3634 746 3693 patu,
756 3630 828 3679 nulla
839 3629 974 3690 superstite
985 3628 1066 3689 prole,
1076 3629 1139 3676 ami·

186 3715 245 3750 cum
266 3714 361 3751 annum
381 3698 509 3749 decimum
533 3704 650 3748 octavum
675 3702 718 3763 sit,
727 3714 792 3749 anuo
803 3700 845 3748 sui
854 3698 1012 3760 principatus
1023 3697 1131 3746 octavo!

186 3769 322 3853 attigisset,
333 3772 420 3819 contra
437 3773 557 3851 patruum
575 3782 650 3818 suum
710 3799 719 3832 ι
745 3797 945 3861 ΟΜΜΜΜ
977 3799 1007 3848 C·
1030 3798 1065 3849 D·
1088 3798 1137 3847 E.-

186 3839 289 3902 Auglrae
300 3853 386 3902 regem
395 3838 651 3889 Henucumeumre·
722 3872 752 3920 fir
793 3875 818 3919 w
839 3868 861 3917 Α
885 3868 907 3917 S
926 3868 950 3916 L
1129 3834 1138 3858 '

185 3909 281 3959 bellare
297 3909 444 3969 admonens,
461 3922 529 3969 saepe
546 3922 604 3956 cum
620 3922 651 3957 eo
675 3887 722 3986 ⁰⁰¹:
752 3885 828 3966 mf’
866 3903 872 3917 ⁸
908 3903 914 3917 ⁸
952 3903 958 3917 '
1131 3967 1137 3978 Ι

186 3979 370 4029 Narmauniam
392 3979 512 4040 gravibus
528 3977 652 4026 incursio-
678 4028 683 4040 ¹
734 3949 836 4038 ,ΨΜ
853 3951 1139 4012 A·S·0·D·E²·L·²

185 4048 416 4100 nibnsiufestabat.
452 4047 494 4096 Sic
510 4049 652 4108 ergojuve·
676 4027 784 4088 munh&
797 4025 853 4085 El·
1102 4094 1104 4099 ,

187 4118 228 4168 uis
245 4119 294 4169 iste
305 4118 459 4178 Baldoinus,
470 4116 544 4165 bellis
562 4129 651 4165 assue-
712 4109 723 4139 ³
737 4111 773 4159 Ut
783 4108 894 4172 superias
904 4107 982 4169 diat]
1000 4105 1048 4155 See
1059 4105 1073 4167 t
1083 4109 1142 4167 2³5,

187 4184 653 4250 tusettrequentiburtriumphisde-
678 4198 704 4244 p.
716 4184 775 4229 toa.
1058 4221 1061 4226 .

958 4263 1026 4309 ira
