2866 4868
215 338 227 371 l

153 425 312 506 n1u.111.]
390 426 404 448 ‘
438 442 612 491 rusronm
635 439 812 490 uovnucn.
1035 426 1101 488 757

221 692 513 740 RECAPITULATIO
537 693 583 739 DE
607 693 741 739 COMl'I'E
764 691 1015 740 GLOEGES'I'RAE.

200 800 284 884 §54
310 799 488 883 Principia
513 809 689 882 gestorum
712 801 815 885 hujus
841 801 933 878 anni,
958 803 1018 885 qui
1040 811 1094 869 est
1107 819 1232 921 ssssgssffig

147 899 395 965 incarnationis
432 901 625 966 Dominicae
655 900 855 965 millesimus
887 901 1093 967 centesimus
1105 921 1249 1013 333ἓῖὲῖξο-

147 1000 433 1083 quadragesimus
449 1002 583 1079 tertiuS,
596 1021 641 1065 ex
653 1001 794 1085 reliquis
811 1001 998 1084 superioris
1011 1022 1093 1067 anm
1105 1022 1189 1062 cestu.
1198 1035 1246 1064 con-

146 1102 314 1166 successit
331 1102 447 1166 animo
460 1103 626 1166 resaroire
639 1121 647 1181 3
671 1102 839 1185 simulque
857 1121 1025 1166 summam
1040 1124 1091 1168 re·
1105 1073 1161 1112 Μ’

147 1220 223 1264 rum
247 1221 324 1285 quae
347 1200 389 1265 de
411 1201 565 1267 Ruberto
590 1200 661 1265 filio
681 1203 773 1283 regis
800 1201 944 1266 Henrici
967 1205 1092 1269 comite

147 1297 359 1366 Gloecestrae
375 1303 523 1385 sparsim
547 1302 641 1366 dicta
661 1309 753 1380 sunt,
769 1303 869 1385 quasi
889 1303 926 1365 in
947 1302 1092 1368 fascicu-

143 1399 216 1464 lum
233 1402 426 1480 collectam,
444 1403 582 1466 lectoris
604 1402 825 1467 aestimationi
842 1422 902 1484 per
916 1405 1090 1486 recapitu-

143 1500 307 1567 lationem
328 1522 532 1585 proponere.
586 1502 668 1585 Ipse
696 1503 823 1586 quippe
846 1502 936 1566 sicut
958 1504 1089 1584 primus

144 1600 189 1665 ad
212 1609 329 1685 partes
351 1603 478 1666 sororis
502 1622 575 1667 suae
588 1604 684 1686 juste
706 1601 936 1667 defendendas
951 1603 1089 1667 initium

142 1702 308 1785 suscepit,
336 1703 387 1766 ita
415 1722 550 1786 semper
579 1702 709 1767 invicto
743 1702 855 1766 animo
886 1704 922 1765 in
951 1703 1088 1785 incepto

142 1802 253 1883 gratis
284 1804 539 1884 perseveravit:
571 1802 680 1884 gratis
706 1802 794 1878 dico,
823 1802 905 1886 quia
932 1805 1089 1868 nonnulli

141 1900 316 1967 fautorum
332 1902 420 1987 ejus,
438 1903 502 1980 vel,
517 1902 691 1967 fortunam
708 1911 904 1986 sequentes,
919 1922 996 1966 cum
1012 1904 1087 1987 ejus

142 2001 358 2066 volubilitate
366 2009 555 2080 mutantur,
570 2003 637 2079 vel,
650 2003 760 2066 multa
768 2003 843 2086 jam
859 2003 1089 2068 emolumenta

141 2103 327 2180 consecuti,
343 2122 405 2185 spe
416 2103 622 2198 ampliorum
637 2103 857 2185 praemiorum
875 2123 935 2184 pro
947 2103 1088 2187 justitia

139 2209 306 2284 pugnant.
359 2203 462 2268 Solus
493 2203 549 2267 vel
578 2221 666 2285 pene
702 2203 797 2266 solus
828 2202 1014 2280 RubertuS,
1051 2204 1087 2267 in

140 2309 299 2367 neutram
321 2310 454 2386 partem
469 2303 620 2385 pronior,
635 2321 698 2365 nec
721 2322 782 2384 spe
805 2302 1008 2384 compendii,
1023 2324 1087 2368 nec

139 2399 309 2486 dispendii
324 2402 458 2480 timore,
483 2421 634 2486 unquam
649 2401 761 2466 flexus
780 2409 845 2479 est,
863 2402 953 2466 sicut
970 2423 1014 2466 ex
1032 2423 1086 2468 se-

140 2504 325 2584 quentibus
347 2504 500 2587 liquebit.
554 2503 636 2567 Non
656 2522 739 2584 ergo
762 2503 878 2580 alicui,
892 2502 922 2564 si
939 2503 1013 2567 haec
1035 2505 1088 2567 in-

139 2608 237 2684 tegre
255 2604 381 2681 scribo,
396 2602 604 2667 adulationis
627 2610 785 2685 surrepat
808 2601 977 2686 suspici03
1002 2603 1086 2668 nihil

140 2704 233 2767 enim
254 2723 277 2767 a
303 2723 358 2767 me
375 2704 513 2767 dabitur
527 2703 662 2785 gratiae,
685 2703 745 2766 sed
770 2703 845 2766 sola
859 2703 988 2768 veritas
1014 2703 1085 2767 his-

139 2803 236 2867 toriae
264 2804 339 2867 sine
364 2804 436 2867 ullo
464 2803 543 2867 fuco
573 2802 742 2867 mendacii
765 2810 979 2884 posterorum
1005 2823 1085 2886 pro-

97 2907 101 2913 “
138 2903 283 2969 ducetur
296 2905 440 2968 notitiae.

189 3003 276 3087 §55.
300 3003 443 3069 Dictum
467 3011 521 3067 est
538 3003 580 3066 de
602 3004 726 3067 comite
741 3022 810 3085 quo
827 3002 928 3067 modo
952 3004 1083 3085 primus

138 3095 306 3167 ¹omnium
322 3110 403 3187 post
419 3102 534 3167 David
550 3122 665 3185 regern
680 3101 820 3178 scotiae,
834 3110 1004 3184 praesente
1019 3123 1082 3186 pa-

135 3210 189 3267 tre
204 3203 371 3280 Henrico‚
382 3203 583 3267 fidelitatem
600 3203 710 3268 sorori
725 3221 797 3265 suae
812 3201 1022 3284 imperatrici
1038 3205 1081 3268 de

135 3323 243 3386 regno
257 3301 397 3385 Angliae
412 3310 448 3368 et
465 3302 593 3366 ducatu
612 3301 839 3366 Normanniae
866 3311 1081 3368 sacramento

135 3403 305 3468 firmavit:
341 3403 507 3466 nonnulla
536 3400 593 3489 (ut
620 3398 711 3485 dixi)
742 3402 962 3466 contentione
990 3404 1082 3467 inter

135 3523 213 3567 eum
230 3510 266 3568 et
280 3502 493 3586 Stephanum
510 3509 593 3566 tunc
609 3502 777 3567 Bononiae
797 3502 966 3579 comitem,
985 3510 1080 3585 post·

133 3603 273 3668 modum
289 3600 428 3685 Angliae
452 3622 577 3684 regem,
595 3602 753 3684 quisnam
774 3600 868 3683 prior
885 3620 1080 3667 sacramen-

135 3710 209 3768 tum
223 3704 373 3783 faceret3
393 3702 548 3767 Roberto
565 3702 804 3766 excellentiam
819 3699 893 3777 filii,
904 3700 1080 3784 Stephano

133 3804 339 3886 dignitatem
354 3803 502 3886 nepotis,
520 3800 792 3865 defendentibus.

185 3903 272 3988 §dd
296 3902 438 3968 Dictum
453 3908 507 3966 cst
518 3902 623 3966 etiam
638 3920 742 3984 quam
757 3900 979 3965 rationabiles
1003 3921 1080 3964 eum

924 4040 1084 4050 ᾕ-

169 4109 176 4140 ¹
192 4112 328 4176 Omnium]
348 4113 395 4174 E.;
417 4112 525 4160 omnium
544 4111 595 4172 pri·
620 4111 675 4160 that
686 4111 796 4173 Stephen
813 4110 938 4171 preceded
951 4111 1045 4159 Robert
1055 4112 1081 4158 in

130 4187 235 4244 rnatum,
264 4183 294 4232 S.
313 4183 348 4233 D.
363 4184 415 4233 M.
428 4208 464 4218 -
476 4182 595 4230 Mulmes·
619 4181 710 4243 taking
719 4182 762 4230 the
772 4180 831 4230 ooth
842 4185 868 4228 to
881 4180 997 4230 Mutilda.

132 4255 207 4316 bury,
219 4253 344 4317 however,
355 4252 402 4302 has
413 4252 497 4302 before
512 4251 595 4301 stated
863 4324 885 4388 3

908 4342 930 4387 D
