2866 4868
335 390 400 453 600
553 405 667 455 onsrn
690 405 817 461 nacon
840 405 1054 454 suenorum.
1127 390 1214 472 [ms.
1233 407 1282 455 rv.

175 582 303 625 seountor
338 561 482 625 scientia
494 569 529 626 et
542 562 671 627 virtute
687 561 773 624 nulli
792 560 976 624 secundus
1028 559 1095 623 Sed
1112 561 1195 644 quia
1208 549 1287 644 qnae

177 634 307 676 ¹³⁰¹¹⁹m⁰¹¹⁶'
339 682 417 725 curn
441 664 575 726 caeteris
602 662 685 725 fecit
707 662 881 724 communi
899 660 994 723 laudi
1015 679 1090 724 sors
1116 660 1288 738 attribuit,

339 770 374 825 et
392 761 562 843 quomodo
584 768 707 844 captus
729 760 833 823 fuerit
846 761 998 823 anterior
1019 779 1131 823 sermo
1153 761 1287 824 notitiae

340 861 445 938 dedit,
460 881 550 924 nunc
565 861 714 943 qualiter
729 880 766 924 se
782 860 925 923 servitio
941 861 1077 922 exuerit
1093 858 1286 925 dicendum.

341 962 535 1025 Danismau
566 961 668 1037 enim,
698 979 777 1022 cum
802 959 936 1022 videret
959 958 1044 1021 nihil
1078 959 1287 1024 utilitatibus

328 1109 330 1112 >
342 1062 414 1124 suis
429 1061 596 1142 applicari
605 1058 696 1142 quod
710 1065 847 1122 tantum
857 1058 969 1121 virum
980 1064 1124 1136 teneret,
1137 1059 1288 1122 inflexus

342 1154 469 1223 ¹animo
499 1159 541 1222 de
572 1160 668 1241 pacis
693 1156 949 1221 conditionibus
981 1158 1126 1221 actitare
1159 1159 1287 1241 coepit:

342 1280 423 1323 narn
445 1278 508 1321 nec
526 1258 624 1322 illum
641 1258 807 1334 occidere,
836 1277 880 1319 ne
903 1258 939 1320 in
963 1276 1000 1319 se
1024 1256 1104 1321 odia
1119 1256 1289 1322 Christia-

343 1378 465 1423 norum
483 1358 592 1421 effusa
614 1358 815 1434 concitaret,
831 1376 906 1433 nec,
922 1356 996 1420 sine
1010 1358 1137 1439 spebus
1154 1359 1190 1420 in
1208 1377 1287 1440 per-

343 1465 485 1539 petuum
500 1458 659 1521 valiturae
673 1458 780 1540 pacis,
795 1456 966 1519 dimittere
977 1457 1126 1520 volebat.
1179 1456 1288 1520 Polli-

343 1558 432 1621 citus
449 1577 532 1639 ergo
547 1557 772 1620 Boamundus
787 1557 986 1620 continuam
1003 1557 1124 1637 gentili
1145 1576 1289 1620 concor·
1334 1602 1343 1608 -

343 1657 446 1733 diam,
474 1657 616 1720 revertit
637 1655 871 1732 Antiochiam,
897 1664 1080 1737 argenteos
1107 1656 1289 1739 compedes

343 1757 467 1839 quibus
488 1749 671 1838 ²alligatus
696 1756 810 1819 suerat
832 1774 948 1818 secum
971 1754 1147 1819 deserens:
1171 1773 1194 1820 a
1215 1755 1289 1820 suis

342 1852 425 1938 erg'o
437 1863 604 1938 exceptus
614 1856 855 1939 plausibiliter,
870 1852 1080 1931 Laodiciam,
1097 1863 1132 1919 et
1144 1863 1290 1920 caeteras

341 1957 444 2019 urbes
470 1975 557 2038 quas
583 1954 785 2018 Tancredus
815 1954 1034 2035 acquisierat,
1058 1956 1222 2038 suscepit,
1245 1974 1290 2017 ne

341 2055 515 2119 videretur
530 2056 678 2120 oscitare
694 2055 766 2118 otio
785 2053 866 2116 dum
883 2053 1074 2118 avunculus
1098 2055 1291 2136 suspiraret

341 2155 377 2217 in
392 2155 578 2236 ergastulo.
631 2153 706 2217 Nec
732 2154 841 2217 multo
866 2161 946 2237 post
963 2151 1097 2217 Gallias
1116 2155 1223 2231 venit,
1238 2154 1290 2218 of-

341 2253 454 2318 ferens
471 2262 611 2317 catenas
635 2253 747 2316 sancti
771 2251 944 2316 Leonardi
964 2252 1099 2326 honori,
1121 2273 1200 2337 quae
1222 2255 1290 2318 sibi

342 2352 480 2416 fuerant
500 2354 605 2417 oneri.
658 2352 783 2416 Fertur
796 2352 887 2415 enim
901 2353 936 2414 in
953 2352 1072 2435 primis
1090 2345 1167 2416 ³ille
1189 2372 1291 2417 sanc·

344 2458 400 2514 tus
425 2452 712 2516 absolvendorum
726 2453 942 2516 vinculorum
953 2458 1088 2534 potens,
1104 2459 1156 2530 ut,
1170 2452 1291 2516 viden-

342 2551 436 2614 tibus
450 2571 512 2614 nec
532 2553 656 2615 mutire
681 2551 887 2614 audentibus
902 2550 1121 2628 adversariis,
1136 2552 1292 2634 pondera

345 2669 409 2713 sua
439 2651 597 2731 captivus
627 2651 713 2713 liber
743 2657 908 2732 asportet.
961 2649 1020 2713 Ita
1049 2650 1155 2715 ducta
1180 2672 1291 2716 uxore

345 2748 417 2811 filia
440 2750 531 2830 regis
549 2749 774 2826 Francorum,
791 2750 952 2813 etaltera
968 2748 1149 2814 Tancredo
1171 2752 1290 2829 missa,

344 2849 483 2929 repetiit
519 2846 705 2930 Apuliam3
743 2849 965 2930 sequentibus
1006 2867 1044 2910 se
1077 2849 1291 2914 Francorum

345 2949 555 3029 proceribus,
572 2948 631 3030 qui
648 2966 709 3030 spe
727 2948 867 3032 majoris
885 2947 1054 3011 commodi
1065 2948 1215 3030 patriam
1230 2950 1290 3014 de·

346 3049 518 3125 serebant,
541 3047 642 3111 simul
667 3054 702 3111 et
725 3047 914 3129 spectaturi
938 3047 1092 3110 cominus
1109 3048 1192 3131 quid
1208 3048 1291 3114 viva

345 3145 484 3209 virtutis
501 3149 633 3228 species
653 3146 813 3222 efficeret,
828 3165 933 3228 quarn
950 3152 1021 3209 tam
1038 3146 1184 3228 insignis
1198 3147 1292 3212 fama

343 3245 471 3327 ubique
493 3244 702 3326 loqueretur.
754 3245 879 3326 Itaque
904 3245 974 3321 ille,
997 3244 1175 3327 dispositis
1197 3248 1291 3329 apud

378 3483 504 3556 ¹Aninio]
518 3489 547 3539 S.
555 3489 590 3538 D.
598 3490 644 3550 E.;
659 3489 805 3555 animimol-
827 3492 853 3540 in
865 3491 963 3556 chains,
973 3494 1005 3543 he
1017 3495 1108 3545 should
1119 3498 1292 3562 immediately

342 3557 406 3619 litie,
417 3558 448 3607 L.
827 3563 858 3610 he
875 3567 914 3611 set
937 3567 964 3612 at
979 3564 1079 3626 liberty.
1115 3567 1151 3615 At
1165 3568 1253 3631 length
1268 3571 1291 3619 it

378 3655 806 3726 ²Auigarur.]A.D.E.;i11igatus‚
827 3632 932 3691 pleaoed
950 3633 1009 3682 θοὰ
1030 3638 1056 3682 t⁰
1070 3635 1172 3715 .h⁰¹¹⁰¹¹¹
1193 3638 1290 3721 himi⁰

345 3730 374 3778 S·
388 3730 418 3778 c·
430 3728 461 3779 L·
827 3701 882 3749 that
891 3702 993 3764 demes,
1003 3702 1058 3752 that
1068 3703 1092 3751 ri
1098 3719 1149 3766 any
1159 3721 1290 3767 personui

827 3772 991 3821 confinement
1015 3773 1125 3823 invoked
1144 3775 1184 3824 his
1204 3791 1288 3840 neme,

378 3827 458 3879 affl,
485 3837 583 3880 sanetus
611 3833 805 3884 absolvendorum
827 3838 867 3887 his
886 3841 974 3890 chains
993 3843 1164 3905 immediately
1181 3845 1226 3895 fell
1244 3849 1289 3911 off,

341 3897 805 3968 vinculorumpoteor.]‘Leonardwas
827 3922 855 3956 so
877 3909 933 3959 that
953 3911 986 3959 he
1016 3913 1097 3974 might
1118 3914 1217 3978 depart,
1244 3917 1288 3966 the

342 3970 805 4037 grandsontoCloviskingosFrance,
826 3978 933 4040 kerpers
955 3981 1106 4031 themselves
1134 3983 1229 4047 having
1255 4002 1289 4036 no

341 4039 392 4086 and
403 4040 531 4100 obtained,
542 4039 650 4102 through
661 4042 703 4090 the
715 4042 805 4092 favour
826 4062 913 4106 power
923 4054 949 4098 to
959 4056 1064 4110 prevent
1080 4052 1140 4101 him.
1157 4053 1223 4103 Vide
1240 4055 1291 4104 Su·

340 4108 370 4170 ol
385 4108 440 4157 that
456 4109 584 4171 monarch,
595 4110 659 4172 that,
669 4112 804 4161 whenever
826 4117 1289 4190 rius,VitaeSanct.Nor.6.’(Sharpe,

340 4177 372 4226 he
392 4177 483 4228 should
500 4193 543 4227 see
560 4193 610 4242 any
621 4195 668 4230 one
680 4180 738 4229 who
747 4197 803 4231 was
825 4183 898 4252 471.)
