2866 4868
188 405 256 454 nra.
273 389 339 470 1v.]
413 405 527 455 exsul
550 407 677 456 aneon
702 409 917 457 suenorum
1070 394 1136 458 559

186 562 382 644 episcopus.
434 562 660 626 Boamundus
680 563 716 626 in
734 571 891 628 extremo
914 564 1052 644 agmine
1068 557 1135 627 ¹in·

186 661 342 739 cedebat,
368 662 504 725 caeteris
532 662 686 726 subsidio
715 663 865 728 tuturus.
917 662 1136 726 Raimundus

186 760 223 823 in
239 762 325 825 urbe
342 768 566 838 remanserat,
582 763 642 844 qui
657 763 785 826 nostris
803 763 956 845 receptui
976 763 1136 845 provide·

188 866 254 937 ret,
276 861 307 924 si
332 879 474 925 necesse
499 860 600 925 soret.
661 861 742 951 Hoc
765 861 872 926 Turci
898 861 1031 926 eminus
1054 881 1137 925 con·

188 960 324 1041 spicati,
339 960 451 1043 primo
475 961 558 1043 quid
582 968 675 1025 esset
696 961 838 1025 haesere.
891 961 978 1024 Mox
996 961 1137 1042 cognito

189 1059 319 1123 vexillo
344 1059 510 1142 episcopi,
534 1061 627 1142 quod
652 1080 731 1124 eum
757 1059 908 1124 maxime
931 1066 1137 1137 metuerent,

190 1159 272 1240 quia
293 1159 392 1222 illum
416 1178 543 1242 papam
567 1159 844 1224 Christianorum
870 1167 905 1224 et
926 1159 1136 1223 incentorem

190 1258 358 1323 bellorum
383 1253 614 1336 ²dictitarent,
653 1267 841 1341 antequam
868 1258 1064 1335 ferirentur,
1088 1257 1139 1322 vi-

190 1355 310 1421 dentes
324 1357 417 1441 quod
441 1358 553 1422 nostri
569 1365 641 1422 tam
664 1359 817 1423 animose
840 1365 876 1422 et
896 1359 1140 1421 incunctanter

190 1457 427 1539 procederent,
445 1465 545 1540 terga
570 1456 712 1522 dedere:
738 1458 838 1522 alteri
856 1476 1005 1541 quoque,
1023 1456 1138 1540 inspe-

191 1563 268 1620 rato
284 1556 467 1621 exilientes
483 1557 649 1641 tripudio,
665 1557 824 1622 cedentes
850 1556 1016 1647 cecidere,
1029 1574 1138 1638 quan-

191 1662 265 1719 tum
287 1657 343 1721 vel
367 1657 521 1739 peditum
547 1657 609 1721 ilia
630 1657 687 1721 vel
711 1657 866 1740 equitum
891 1656 1041 1719 calcaria
1065 1655 1138 1719 suf-

191 1754 292 1819 ficere
319 1762 518 1838 potuerunt.
571 1756 901 1839 Persuadebantque
930 1754 996 1818 sibi
1023 1753 1138 1819 videre

192 1873 230 1917 se
253 1856 417 1938 antiquos
441 1863 625 1938 martyres,
641 1857 700 1938 qui
724 1857 805 1920 olim
822 1856 950 1919 milites
977 1853 1138 1932 fuissent,

190 1954 319 2037 quique
349 1953 470 2018 mortis
504 1955 616 2038 pretio
656 1961 838 2038 parassent
870 1954 1014 2037 praemia
1043 1955 1139 2031 vitae,

193 2051 383 2136 Georgium
407 2053 486 2118 dico
509 2062 545 2119 et
562 2055 790 2133 Demetrium,
808 2053 948 2119 vexillis
970 2053 1095 2117 levatis
1118 2072 1140 2116 a

192 2153 350 2235 partibus
364 2153 538 2218 montanis
552 2173 743 2231 accurrere,
756 2153 877 2238 jacula
898 2153 935 2215 in
959 2152 1089 2229 hostes,
1103 2151 1140 2216 in

192 2271 231 2316 se
248 2253 416 2317 auxilium
433 2254 621 2317 vibrantes.
675 2253 752 2318 Nec
774 2251 988 2317 diffitendum
1010 2259 1064 2316 est
1088 2251 1139 2315 af-

192 2350 300 2415 fuisse
326 2359 497 2435 martyres
523 2352 743 2431 Ghristianis,
768 2354 859 2417 sicut
881 2351 1055 2434 quondam
1079 2370 1140 2415 an·
1232 2380 1234 2384 ·

190 2451 292 2532 gelos
309 2451 544 2516 Macchabaeis
561 2453 664 2516 simili
678 2452 850 2516 duntaxat
861 2470 968 2516 causa
982 2469 1141 2534 pugnan-

194 2551 299 2615 tibus.
350 2550 498 2616 Reversi
511 2553 642 2616 veroin
659 2553 825 2635 praedam,
841 2559 942 2616 tanta
957 2551 993 2614 in
1015 2551 1140 2615 castris

192 2649 329 2714 illorum
352 2649 530 2734 reperiunt
542 2671 621 2735 quae
647 2651 833 2735 cujuslibet
847 2644 1055 2714 ³avidissimi
1078 2668 1140 2712 ex·

192 2750 322 2814 ercitus
343 2750 540 2815 satietatem
562 2758 706 2834 possent
719 2752 775 2815 vel
792 2758 984 2832 temperare
1000 2749 1056 2813 vel
1078 2768 1139 2812 ex-

192 2849 363 2930 tinguere.
416 2849 497 2914 Hoo
518 2851 677 2933 praelium
699 2858 816 2915 actum
838 2856 892 2913 est
912 2868 1003 2912 anno
1025 2849 1273 2911 incar-numa
1369 2855 1371 2858 ⁴

191 2948 342 3012 nationis
355 2949 547 3013 Dominicae
563 2949 744 3014 millesimo
759 2949 983 3030 nonagesimo
1001 2954 1138 3025 octavo,
1151 3015 1165 3054 J
1216 3017 1241 3055 2⁸

192 3053 318 3130 quarto
339 3046 508 3113 luendas
533 3049 643 3128 suun
666 3068 747 3112 nam
769 3049 879 3133 pridie
906 3066 1016 3112 nonas
1032 3039 1138 3110 4sum
1151 3025 1248 3130 ,lits

192 3154 297 3230 capta
322 3146 436 3212 suerat
460 3149 554 3212 urbs.
601 3148 702 3226 Mox,
724 3146 883 3212 kalendis
905 3145 1060 3228 Augusti
1084 3165 1138 3210 se·
1151 3164 1236 3212 nur-1.

194 3247 389 3329 quentibus,
424 3248 605 3313 Podiensis
636 3249 831 3331 episcopus,
865 3246 1139 3310 Christianorum

194 3345 377 3425 vexillifer,
390 3347 485 3411 illius
502 3349 592 3413 boui¹
606 3355 727 3412 auctor
740 3347 949 3431 praecipuus,
965 3345 1138 3408 communi

191 3447 389 3511 mortalium
415 3447 604 3512 conditioni
631 3448 777 3512 feliciter
801 3464 924 3510 manus
955 3444 1071 3524 dedit;
1104 3450 1139 3507 et

195 3545 304 3628 Hugo
320 3567 481 3629 magnus,
495 3565 661 3611 concessu
682 3554 723 3610 ut
744 3547 841 3610 aiunt
857 3545 1012 3620 heroum,
1028 3543 1138 3606 Fran·

192 3646 282 3710 ciam
305 3647 419 3725 rediit,
442 3655 604 3712 causatus
636 3647 835 3711 continuam
865 3645 1035 3709 viscerum
1066 3649 1138 3706 tor-

192 3745 332 3812 tionem.

226 3920 403 3988 ¹lncedebet.]
430 3921 465 3973 A.
486 3924 522 3973 D.
545 3925 579 3974 E.
601 3925 651 3985 1..;
712 3921 902 3984 ³Avidissimi.]
921 3923 951 3970 C.
965 3919 1000 3968 D.
1012 3919 1062 3978 E.;
1079 3933 1138 3967 ava·

191 3993 295 4044 omitted
304 3994 331 4042 in
343 3993 372 4044 S.
385 3994 416 4043 G.
676 3993 779 4055 tissimi,
789 3990 823 4041 A.
836 3992 865 4040 S.
876 3991 908 4040 L.

712 4061 722 4093 ⁴
733 4056 825 4130 June]
840 4063 869 4110 C.
879 4076 886 4120 ;
897 4059 992 4108 altered
1003 4058 1037 4119 by
1049 4073 1065 4106 a
1075 4057 1139 4105 later

227 4128 427 4196 ’Dictiturcntff
446 4130 480 4182 A.
499 4133 533 4182 D.
553 4134 586 4183 E.
604 4134 652 4193 L.;
677 4133 744 4182 hand
756 4133 817 4180 from
830 4130 921 4180 ‘Julii’
933 4134 958 4178 to
969 4127 1076 4190 ‘Junii,’
1088 4128 1138 4187 E.;

192 4203 312 4264 dicerent,
324 4202 354 4252 S.
367 4204 397 4251 G.
677 4203 758 4264 lunii,
770 4201 802 4250 A.
816 4203 844 4251 S.
857 4201 891 4249 D.
903 4201 934 4249 L.
