2866 4868
148 410 300 491 mann]
373 426 489 475 caera
513 427 640 477 arcun
663 428 877 477 ancnonuu.
1028 418 1093 482 471

142 586 307 663 narravit,
322 584 522 650 Walkerius
536 586 630 669 prior
644 585 839 664 Malverni3
863 586 963 670 cujus
978 589 1091 652 verbis

141 685 201 766 qui
226 705 295 749 non
321 687 441 763 credit,
456 687 619 769 injuriam
642 687 801 767 religioni
825 685 920 750 facit.
973 688 1089 752 ‘Non'

140 781 225 869 (ait)
241 787 448 869 ‘plusquam
464 786 656 868 quindecim
673 787 756 849 anni
770 794 853 850 sunt
868 787 961 868 quod
978 787 1014 850 in
1029 808 1088 853 eo-

140 883 216 947 dem
244 885 321 950 loco
351 886 503 950 exitialis
527 886 601 951 lues
624 893 785 968 grassata
806 887 901 968 prius
927 888 1088 952 abbatem

139 984 317 1067 corripuit,
329 1005 412 1050 mox
426 986 553 1049 multos
569 986 814 1050 monachorum
829 987 992 1052 extinxit.
1021 989 1088 1052 Su-

137 1085 298 1165 perstites
322 1087 433 1168 primo
449 1087 596 1168 quisque
618 1087 684 1150 sibi
704 1087 836 1163 timere,
854 1088 1028 1151 orationes
1050 1095 1086 1154 et

137 1183 372 1268 eleemosynas
393 1185 560 1268 largiores
575 1185 707 1249 facere:
732 1186 793 1250 sed
814 1207 978 1268 processu
998 1195 1085 1251 tem-

136 1285 241 1365 poris,
269 1292 308 1349 ut
336 1293 390 1349 est
422 1287 575 1350 omnium
603 1293 730 1350 natura
762 1285 948 1364 hominum,
981 1289 1084 1370 pede-

136 1385 269 1462 tentim,
290 1393 384 1449 metu
408 1384 559 1468 dempto,
574 1386 751 1464 omittere;
775 1386 974 1450 cellararius
993 1408 1084 1470 prae-

136 1483 266 1560 sertim,
296 1486 356 1567 qui
389 1484 506 1567 palam
538 1493 574 1549 et
605 1483 748 1549 ridicule
783 1485 977 1551 clamitaret
1014 1509 1084 1552 non

134 1601 237 1666 posse
254 1604 382 1666 penum
405 1591 458 1648 tot
481 1585 644 1668 expensis
667 1583 842 1665 sufficere3
866 1605 1023 1668 sperasse
1046 1608 1083 1652 se

133 1702 244 1766 nuper
259 1684 399 1769 aliquod
418 1684 707 1762 alleviamentum,
729 1705 792 1766 pro
807 1692 860 1748 tot
875 1686 1082 1752 elationibus

134 1781 311 1865 funerum3
335 1784 421 1848 nihil
444 1785 536 1848 ultra
560 1785 634 1867 spei
657 1803 745 1860 esse,
768 1784 799 1846 si
821 1785 911 1867 quod
927 1785 999 1850 vivi
1024 1808 1080 1851 ne-

134 1883 289 1964 quissent
305 1885 432 1973 mortui
447 1891 699 1950 consumerent.
753 1883 877 1966 Itaque
899 1905 977 1949 cum
996 1906 1082 1968 qua-

133 1983 212 2046 dam
228 1991 330 2048 nocte
349 2004 412 2066 pro
435 2003 472 2048 re
491 1984 686 2048 necessaria
710 2002 868 2065 soporem
892 1984 951 2047 diu
972 1986 1081 2051 distu-

131 2082 241 2159 lisset,
253 2083 393 2148 tandem
413 2085 603 2167 elaqueatis
616 2101 789 2147 morarum
807 2083 937 2147 retibus
950 2085 987 2148 in
1002 2085 1081 2149 dor-

132 2182 307 2246 mitorium
321 2185 371 2248 ire
386 2185 571 2266 pergebat3
596 2191 630 2248 et
645 2203 736 2260 ecce,
756 2203 827 2246 rem
842 2184 964 2249 miram
982 2185 1081 2249 audi-

131 2288 230 2346 turus
244 2303 293 2361 es,
308 2284 404 2348 videt
415 2285 452 2347 in
475 2283 627 2366 capitulo
649 2285 821 2360 abbatem,
837 2291 873 2347 et
886 2303 1005 2348 omnes
1021 2288 1081 2369 qui

131 2383 289 2448 obierant
309 2383 369 2448 illo
383 2403 486 2461 enne,
503 2403 544 2448 eo
564 2403 633 2466 quo
650 2391 871 2448 excesserant
884 2384 1004 2448 ordine
1026 2405 1081 2449 se·

129 2481 221 2548 dere.
273 2483 430 2548 Timidus
454 2490 489 2547 et
510 2483 659 2565 effugere
681 2467 846 2565 gestiens,
859 2485 896 2548 vi
909 2491 1080 2549 retractus

131 2590 206 2662 est3
228 2576 429 2665 increpitus,
447 2590 482 2648 et
499 2583 688 2647 monastico
705 2601 800 2647 more
814 2582 961 2664 flagellis
984 2603 1080 2648 coer·

131 2683 232 2760 citus,
249 2683 384 2747 audivit
400 2683 506 2747 verba
528 2684 664 2747 abbatis
681 2683 718 2746 in
732 2682 822 2746 hanc
838 2684 977 2748 omnino
1001 2703 1079 2748 sen·

130 2783 287 2859 tentiam,
311 2782 463 2846 Stultum
486 2801 562 2847 esse
584 2783 626 2847 de
651 2782 794 2846 alterius
816 2791 927 2846 morte
949 2783 1080 2848 emolu-

130 2889 246 2946 mento
275 2882 420 2959 inhiare,
454 2901 532 2945 cum
563 2900 638 2946 sors
670 2882 838 2966 cujusque
869 2884 933 2946 sub
960 2884 1080 2947 eodem

129 2981 278 3063 pendeat
292 2981 387 3059 lat03
410 2983 553 3064 impium
582 2982 669 3058 esse,
694 3001 772 3046 cum
796 2982 983 3045 monachus
1006 3003 1080 3047 om·

128 3101 206 3146 nem
224 3082 334 3145 vitam*
349 3082 386 3144 in
409 3080 563 3145 ecclesiae
581 3083 832 3163 consumpserit
848 3083 1025 3164 obsequio,
1041 3091 1080 3147 ut

130 3188 247 3245 careat
260 3182 362 3244 unius
379 3181 502 3247 saltem
523 3180 604 3243 anni
621 3170 860 3262 postmortem
883 3182 1077 3264 stipendio:

128 3280 226 3344 illum
257 3280 422 3345 citissime
451 3281 636 3356 obiturum,
670 3280 730 3344 sed
757 3280 919 3362 quicquid
947 3300 1010 3362 pro
1039 3301 1079 3344 eo

129 3379 238 3459 fieret,
257 3381 300 3444 ad
315 3380 461 3444 aliorum
477 3379 601 3462 quibus
623 3379 814 3444 abstulerat
831 3379 1079 3444 refundendum

129 3479 367 3559 commodum3
395 3481 462 3544 iret
487 3480 601 3557 modo,
630 3486 665 3542 et
690 3479 777 3544 alios
805 3480 992 3560 corrigeret
1017 3499 1079 3543 ex·

130 3580 243 3662 emplo
259 3598 346 3664 quos
362 3587 565 3661 corruperat
581 3580 694 3643 verbo.
746 3577 845 3643 Abiit
862 3578 943 3658 ille;
968 3585 1003 3642 et
1024 3581 1078 3642 ni·

128 3679 177 3742 hil
194 3698 232 3743 se
250 3698 377 3744 vanum
391 3678 531 3755 vidisse,
545 3685 617 3743 tam
634 3680 829 3743 recentibus
847 3678 961 3762 plagis
975 3698 1079 3763 qnam

128 3780 288 3862 proximo
306 3781 360 3844 sui
375 3779 484 3855 obitu,
499 3778 729 3842 monstravit!

181 3878 290 3962 5294.
315 3879 466 3956 Interea,
483 3878 564 3942 dum
587 3878 656 3941 alia
678 3878 825 3959 agimus,
848 3877 987 3960 irrepsit
1008 3899 1078 3946 ma·
1091 3894 1231 3945 controversy

1090 3945 1184 3983 between
1193 3945 1231 3985 the

129 3979 228 4055 teria,
246 3986 281 4042 et
297 3978 460 4042 voluntas
481 3979 639 4054 accessit,
657 3976 795 4059 utquid
817 3984 972 4059 tempore
987 3979 1077 4044 Wil·
1089 3995 1229 4094 {greglqycgd

127 4078 221 4142 lelmi
252 4079 344 4159 regis
376 4077 555 4141 definitum
586 4078 632 4140 sit
660 4076 703 4141 de
731 4078 968 4141 controversia
998 4099 1077 4160 quae
1090 4093 1155 4136 York·

128 4178 239 4243 adhuc
275 4179 365 4243 inter
401 4177 678 4261 archiepiscopos
715 4175 999 4240 Cantuariensem
1042 4186 1077 4245 et

890 4292 954 4338 212
