2866 4868
187 438 256 486 niu.
275 421 326 504 v.]
417 437 531 487 cnsrn
554 438 682 488 arcun
706 438 922 488 ancnonun.
1074 421 1140 486 649

187 614 257 658 non
279 593 440 658 elationis
462 593 607 673 ambitu,
632 594 693 658 sed
719 614 911 678 procerum,
927 602 963 659 et
986 594 1137 660 maxime

186 694 323 759 comitis
341 694 382 759 de
399 694 568 759 Mellento
583 696 762 773 instinctu,
774 696 847 778 qui,
860 696 897 759 in
912 695 977 759 hoc
994 697 1136 777 negotio

186 796 299 877 magis
326 795 472 877 antiqua
497 795 745 861 consuetudine
773 814 876 877 quam
904 796 990 860 recti
1015 803 1135 860 tenore

186 895 356 960 rationem
388 896 624 973 reverberans,
654 895 829 978 allegabat
854 895 1003 961 multum
1028 897 1134 978 regiae

187 994 364 1078 majestati
381 994 537 1073 diminui,
554 995 597 1073 si,
614 996 777 1060 omittens
792 1015 921 1061 morem
938 1002 1134 1061 antecesso-

186 1113 276 1172 rum,
291 1113 363 1160 non
384 1095 567 1160 investiret
590 1095 737 1161 electum
754 1115 816 1179 per
832 1096 992 1160 baculum
1015 1103 1050 1161 et
1072 1116 1134 1161 an·

186 1194 317 1260 nulum.
370 1193 609 1260 Veruntamen
640 1215 715 1273 rex,
739 1195 940 1279 diligentius
976 1196 1133 1279 inspecto

186 1294 269 1378 qnid
297 1294 417 1361 vivida
441 1295 666 1378 epistolarum
696 1295 799 1373 ratio,
827 1296 910 1379 quid
938 1295 1133 1360 divinorum

186 1414 366 1458 munerum
384 1394 421 1458 in
441 1415 479 1459 se
493 1395 641 1459 ubertim
655 1395 832 1460 confluens
849 1396 1049 1462 admoneret
1066 1396 1134 1460 lar-

187 1494 286 1578 gitio,
309 1495 551 1560 investituram
577 1495 699 1559 annuli
723 1502 760 1560 et
780 1496 896 1560 baculi
921 1496 1066 1561 indulsit
1097 1497 1134 1561 in

185 1602 412 1679 perpetuum3
438 1602 574 1661 retento
592 1589 746 1660 ¹tantum
772 1596 951 1660 electionis
978 1603 1013 1660 et
1035 1616 1135 1678 rega·
1243 1636 1290 1659 ,Α

186 1695 271 1758 lium
295 1693 491 1778 privilegio.
544 1695 676 1760 Coacto
704 1715 788 1777 ergo
806 1695 899 1778 apud
917 1695 1134 1761 Londoniam

187 1814 315 1877 magno
349 1795 590 1878 episcoporum
623 1801 659 1859 et
691 1814 872 1877 procerum
904 1795 1137 1879 abbatumque

186 1895 345 1972 concilio,
377 1894 488 1959 multa
517 1895 830 1959 ecclesiasticarum
863 1902 899 1960 et
929 1896 1134 1960 secularium

187 2013 301 2058 rerum
335 1993 496 2058 ordinata
524 1995 678 2076 negotia,
713 1993 829 2058 decisa
863 1994 989 2076 litigia.
1058 1995 1135 2060 Nec

187 2094 298 2158 multo
323 2100 415 2177 post,
435 2114 505 2158 uno
527 2094 583 2158 die
606 2094 759 2176 quinque
784 2101 866 2159 sunt
890 2093 1040 2158 ordinati
1063 2096 1135 2178 epi-

188 2195 284 2277 scopi
300 2195 337 2258 in
353 2193 481 2258 Cantia
497 2194 541 2257 ab
558 2194 725 2258 Anselmo
742 2193 1020 2276 archiepiscopo:
1044 2194 1135 2258 Wil-

187 2292 311 2358 lelmus
337 2293 381 2357 ad
398 2292 627 2372 Wintoniam,
644 2293 819 2375 Rogerius
843 2292 887 2356 ad
901 2292 1135 2372 Salesbiriam‚

187 2389 386 2459 Willelmus
411 2392 456 2456 ad
479 2393 663 2472 Exoniam,
688 2393 883 2458 Rainaldus
906 2392 950 2456 ad
969 2392 1136 2457 Herefor-

188 2493 283 2572 dum,
306 2493 471 2558 Urbanus
496 2493 540 2557 ad
565 2493 793 2576 Glamorgan.
846 2493 973 2575 Itaque
999 2501 1137 2557 contro-

189 2594 305 2658 versia
329 2593 567 2678 frequentibus
593 2593 865 2658 dissensionibus
888 2595 1034 2675 agitata,
1061 2593 1137 2676 plu-

188 2694 276 2757 rimo
294 2690 451 2757 Anselmi
467 2693 513 2757 ad
529 2694 680 2759 Romam
702 2695 754 2758 itu
774 2701 810 2759 et
826 2693 939 2762 reditu
955 2693 1135 2771 ventilata,

186 2793 396 2858 laudabilem
410 2793 511 2859 finem
528 2796 671 2878 accepit.

240 2891 346 2978 §cla
363 2892 465 2958 Uxor
481 2887 590 2975 ²regis
606 2914 651 2958 ex
667 2892 811 2976 antiqua
826 2901 861 2958 et
876 2893 1004 2958 illustri
1014 2913 1134 2976 regum
1147 2915 1275 2957 amantor

189 2993 299 3078 stirpe
323 2992 499 3058 descendit
528 2993 699 3070 Matildis,
724 2991 797 3056 filia
819 2994 912 3074 regis
938 2993 1136 3057 Scottorum
1147 2966 1278 3056 lilim*

188 3092 247 3180 (ut
262 3088 440 3177 praedixi),
453 3110 474 3155 a
491 3094 619 3158 teneris
635 3093 735 3155 annis
754 3091 844 3157 inter
857 3093 1136 3157 sanctimoniales

190 3194 284 3277 apud
308 3193 515 3257 Wiltoniam
539 3199 575 3256 et
600 3192 806 3257 Rumesium
836 3190 995 3269 educata,
1026 3193 1137 3257 literis

189 3313 328 3377 quoque
360 3293 562 3358 foemineum
591 3300 723 3376 pectus¹
746 3291 914 3355 exercuit.
966 3291 1068 3356 Unde
1098 3300 1139 3358 ut

190 3393 362 3481 ignobiles
389 3393 530 3475 nuptias
564 3398 754 3476 respueret,
780 3391 965 3474 plusquam
989 3392 1095 3456 semel
1117 3413 1139 3458 a

190 3501 292 3577 patre
317 3492 467 3570 oblatae,
492 3491 633 3575 peplum
650 3486 815 3555 ³sacratae
837 3490 1060 3574 professionis
1086 3493 1138 3555 in-

190 3594 260 3659 dex
288 3592 461 3676 gestavit:
501 3598 724 3674 quapropter,
753 3610 831 3655 cum
857 3611 920 3655 rex
946 3583 1140 3675 ⁴suscipere

191 3695 297 3760 vellet
312 3712 389 3759 eam
401 3691 569 3769 thalamo,
580 3685 652 3755 ⁵res
668 3691 705 3754 in
719 3690 1006 3772 disceptationem
1022 3692 1140 3773 venit3

224 3895 234 3929 ¹
248 3896 372 3960 Tauium]
389 3895 424 3946 A.
444 3896 474 3945 C.
487 3894 522 3944 D.
534 3895 567 3944 Ε.
579 3894 654 3954 L2.;
716 3890 726 3920 ⁴
743 3893 872 3956 Suscipere
888 3887 981 3961 vellet]
1004 3893 1038 3944 A.
1054 3894 1089 3945 D.
1108 3895 1141 3944 Ε.

191 3974 284 4031 tamem
296 3967 325 4017 S.
680 3963 751 4023 1123
767 3964 916 4024 susciperet,
927 3963 956 4011 S.
970 3965 999 4012 C.

225 4034 347 4101 'liegir.]
364 4032 398 4084 A.
411 4033 440 4083 S.
455 4034 485 4082 C.
498 4034 571 4094 En.;
588 4034 654 4096 ejus,

190 4109 244 4171 D.;
260 4108 324 4172 regi,
335 4106 359 4154 E
369 4110 392 4154 1.
405 4105 462 4153 Η.
714 4099 724 4128 ⁵
737 4103 787 4151 lies
807 4104 832 4150 tn
848 4100 1043 4165 disceptationem
1053 4102 1142 4166 venit]

226 4170 380 4244 'Socrutoe.]
398 4173 432 4224 A.
446 4176 476 4224 C.
489 4173 524 4224 1).
539 4174 570 4222 Ε.
582 4173 653 4234 ης
679 4173 727 4221 See
748 4172 867 4234 Eadmer,
883 4171 952 4221 Hist.
965 4171 1032 4222 Nov.
1044 4186 1088 4235 pp.
1101 4177 1143 4235 56,

189 4248 334 4311 sanctae‚S.
680 4245 721 4291 57.
1089 4266 1092 4273 -
