2866 4868
339 384 405 449 538
567 399 682 449 casus
705 399 832 448 uneuu
856 398 1070 447 nucuoauu.
1142 384 1227 464 [nin.
1245 397 1297 446 1v·

181 579 313 630 mannan
365 562 490 644 Longa
503 567 583 625 tuos
600 559 712 625 fastus
726 568 813 625 aetas
831 561 1023 640 destruxit;
1048 568 1084 625 et
1102 579 1201 624 arces

181 633 287 674 “Em
416 661 579 738 Caesaris,
593 669 629 726 et
644 682 807 745 superum
825 662 968 744 templa,
984 660 1111 743 palude
1123 661 1257 745 jacent.

369 763 434 827 Ille
450 762 560 837 labor,
572 762 672 826 labor
686 763 745 825 ille
762 763 843 839 ruit,
861 781 963 844 quem
981 761 1076 824 dirus
1092 758 1232 824 Araxos

419 862 465 926 Et
477 868 631 925 stantem
646 863 800 938 tremuit,
817 869 852 926 et
868 860 1035 924 cecidisse
1049 858 1164 940 dolet3

370 962 482 1041 Quem
497 959 605 1042 gladii
620 981 753 1043 regum,
766 980 868 1044 quem
884 960 1031 1042 provida
1040 959 1123 1044 jura
1139 966 1296 1037 senatus,

419 1061 534 1140 Quem
549 1061 666 1146 superi
682 1080 795 1124 rerum
813 1060 1023 1125 constituere
1039 1066 1165 1143 caput3

370 1158 483 1240 Quem
496 1159 608 1241 magis
623 1161 759 1243 optavit
772 1179 849 1224 cum
865 1161 1007 1223 crimine
1023 1160 1118 1223 solus
1132 1159 1260 1224 habere

420 1259 552 1338 Caesar,
568 1279 673 1341 quam
687 1261 803 1324 socius
816 1266 852 1324 et
867 1260 946 1342 pius
962 1278 1038 1323 esse
1053 1279 1170 1324 socer:

370 1357 442 1439 Qui
479 1377 636 1423 crescens
673 1359 796 1424 studiis
830 1360 954 1437 tribus,
989 1360 1119 1438 hostes,
1152 1360 1295 1436 crimen,

469 1458 611 1535 amicoS,

420 1557 469 1622 Vi
484 1558 628 1636 domuit,
646 1559 757 1622 secuit
772 1558 921 1641 legibus,
935 1559 1020 1622 emit
1036 1578 1121 1642 ope3

373 1657 415 1721 In
430 1678 545 1741 quom,
559 1656 641 1721 dum
658 1657 768 1736 fieret,
785 1657 947 1740 vigilavit
961 1677 1045 1722 cura
1061 1659 1227 1741 priorum,

420 1757 444 1822 J
446 1758 524 1822 uvit
538 1776 625 1839 opus
639 1757 764 1839 pietas,
778 1757 926 1841 hospitis
943 1758 1037 1821 unda
1050 1759 1164 1823 locum
1178 1780 1187 1838 ;

372 1857 570 1934 Materiam,
583 1858 711 1934 fabros,
725 1876 914 1940 expensae,
928 1858 1006 1921 axis
1019 1865 1164 1942 uterque

422 1957 543 2036 Misit;
566 1975 604 2021 se
620 1957 728 2021 muris
742 1958 870 2021 obtulit
885 1959 960 2040 ipse
976 1958 1095 2022 locus:

372 2056 579 2140 Expendcre
594 2057 699 2121 duces
714 2057 908 2134 thesauros,
923 2056 998 2121 fata
1010 2057 1176 2135 savorem,

421 2155 584 2220 Artifices
599 2156 763 2234 studium,
780 2163 876 2221 totus
891 2164 927 2221 et
941 2157 1034 2220 orbis
1050 2176 1144 2240 opes.

371 2256 464 2320 Urbs
482 2256 617 2333 cecidit,
635 2256 677 2320 de
690 2276 760 2338 qua
776 2256 806 2319 si
823 2257 1008 2339 quicquam
1025 2256 1138 2321 dicere
1152 2256 1298 2338 dignum

421 2355 563 2432 Moliar,
578 2356 643 2420 hoc
659 2363 780 2438 potero
798 2355 924 2433 dicere,
939 2356 1088 2420 “Roma
1104 2356 1171 2420 fuit
1182 2356 1214 2420 !”

334 2497 338 2502 -
371 2454 455 2520 Non
482 2462 599 2519 tamen
624 2475 793 2520 annorum
822 2457 940 2534 series,
965 2474 1036 2520 non
1058 2455 1210 2534 flamma,
1233 2476 1299 2520 nec

469 2555 575 2633 ensis,

421 2653 479 2719 Ad
496 2655 637 2736 plenum
654 2655 771 2737 potuit
785 2654 850 2718 hoc
868 2655 1005 2719 abolere
1019 2655 1136 2719 decus

372 2752 467 2818 Cura
487 2754 665 2818 hominum
692 2754 808 2836 potuit
833 2761 968 2818 tantam
991 2774 1196 2837 componere
1224 2754 1299 2819 Ro-

469 2872 572 2931 mam,

421 2951 600 3030 Quantam
614 2972 684 3016 non
697 2954 814 3034 potuit
830 2952 965 3016 solvere
981 2971 1065 3016 cura
1080 2952 1193 3016 deum.

371 3050 500 3114 Confer
527 3071 623 3134 opes,
652 3071 871 3135 marmorque
894 3071 1035 3129 novum,
1065 3071 1299 3135 superumque

469 3151 637 3228 savorem,

420 3247 606 3313 Artificum
622 3249 768 3333 vigilent
779 3249 817 3312 in
832 3269 924 3313 nova
937 3249 1031 3315 facta
1046 3271 1191 3331 manus;

371 3348 453 3413 Non
470 3356 586 3413 tamen
601 3358 662 3413 aut
676 3348 750 3412 fieri
764 3368 828 3432 par
843 3335 951 3413 stanti
965 3351 1125 3415 machina
1141 3370 1253 3429 muro,
1297 3421 1299 3424 Α

419 3446 494 3511 Aut
510 3449 697 3512 restaurari
713 3448 788 3512 sola
804 3449 904 3512 ruina
919 3456 1046 3530 potest.

371 3547 440 3610 Hic
458 3567 620 3630 superum
634 3547 762 3612 formas
777 3549 894 3630 superi
906 3550 1076 3613 mirantur
1089 3557 1125 3614 et
1141 3550 1221 3633 ipsi,

423 3648 469 3711 Et
482 3647 626 3730 cupiunt
639 3646 729 3710 fictis
745 3647 900 3712 vultibus
914 3669 989 3713 csse
1005 3668 1118 3731 pares.

371 3745 406 3809 N
408 3766 454 3810 on
466 3748 582 3828 potuit
597 3746 736 3811 Natura
748 3745 831 3811 deos
847 3747 912 3813 hoc
929 3769 988 3812 ore
1003 3767 1133 3825 creare,

419 3844 500 3923 Quo
515 3845 672 3909 miranda
685 3846 786 3910 deum
802 3847 903 3930 signa
920 3849 1052 3913 creavit
1066 3848 1180 3912 homo.

370 3943 499 4008 Vultus
515 3945 613 4009 adest
629 3946 683 4008 his
698 3945 915 4027 numinibus3
934 3949 1120 4030 potiusque
1134 3949 1298 4012 coluntur

416 4041 600 4108 Artificum
615 4045 742 4122 studio,
760 4066 864 4128 quam
881 4048 1011 4112 deitate
1028 4067 1104 4111 sua.

366 4141 459 4206 Urbs
475 4143 571 4221 felix,
589 4146 619 4208 si
637 4145 692 4210 vel
707 4145 855 4210 dominis
871 4148 954 4211 urbs
970 4148 1032 4210 illa
1048 4154 1194 4225 careret,

414 4241 482 4308 Vel
497 4244 643 4309 dominis
659 4254 752 4310 esset
767 4254 868 4329 turpe
883 4267 1002 4311 carere
1020 4247 1111 4313 fide.'
