2866 4868
339 396 405 462 748
628 413 801 463 maronis
823 414 1002 463 novrum.
1128 397 1221 480 [mn.
1236 410 1292 458 111.

615 591 663 636 DE
686 589 840 636 cnumco
864 586 1022 636 REGINAE·

394 699 481 783 §4³7⁰
505 698 646 762 Interea
670 694 823 761 surrexit
849 697 1002 780 qnidam,
1025 695 1127 780 cujus
1151 714 1290 774 nomen,

344 800 374 863 si
399 800 485 863 bene
508 798 658 874 memini,
675 797 904 874 Christianus,
927 797 1057 878 reginae
1079 794 1137 882 (nt
1154 793 1289 881 audivi)

344 899 501 975 clericus,
524 898 749 981 porrexitque
778 896 934 988 chartam
959 896 1097 978 legat03
1132 915 1204 979 qna
1233 895 1291 960 ifle

344 1000 409 1062 sub
434 999 571 1062 silentio
593 997 696 1075 lecta,
711 1016 797 1061 voce
810 1003 979 1080 qnantum
1002 996 1116 1080 potuit
1132 995 1291 1061 exaltata

344 1098 435 1162 dixit
445 1118 514 1162 non
532 1116 607 1161 esse
624 1097 826 1179 legitimam,
837 1090 964 1180 ¹neque
981 1095 1121 1160 deberet
1131 1096 1169 1159 in
1180 1103 1292 1173 tanto,

344 1199 604 1281 praesertimque
629 1196 826 1261 sublimium
853 1203 888 1260 et
912 1196 1151 1278 religiosarum
1173 1213 1293 1278 perso·

345 1317 480 1376 narum,
497 1304 670 1361 conventu
695 1296 845 1360 recitari.
898 1296 1032 1360 Praeter
1054 1303 1183 1360 caetera
1199 1296 1292 1358 enim

345 1416 424 1479 quae
450 1397 731 1479 reprehensibilia
762 1402 798 1460 et
826 1395 994 1461 notabilia
1024 1401 1124 1460 erant
1149 1395 1292 1478 scripta,

345 1504 468 1561 testem
491 1497 688 1579 appositum
708 1497 767 1578 qui
789 1497 966 1578 praeterito
983 1514 1086 1573 anno,
1109 1494 1147 1558 in
1172 1495 1291 1559 codem

346 1616 415 1679 quo
431 1604 514 1661 tunc
527 1598 694 1660 sedebant
705 1596 870 1678 capitulo,
882 1596 1096 1660 venerabiles
1110 1596 1293 1678 episcopos

346 1698 501 1760 maxima
517 1698 700 1760 verborum
714 1695 866 1760 affecerit
881 1695 1098 1760 contumelia.
1151 1695 1211 1760 Ita
1232 1695 1293 1760 illo

347 1797 507 1874 tricante,
529 1796 673 1859 clericus
700 1796 868 1878 legationi
895 1814 968 1859 suae
990 1816 1061 1860 non
1087 1795 1208 1872 defuit,
1231 1792 1291 1859 sed

345 1897 516 1979 praeclara
527 1896 653 1960 fiducia
665 1896 784 1960 literas
799 1896 884 1978 legit
898 1896 935 1959 in
948 1895 1135 1974 audientia,
1144 1915 1292 1979 quarum

346 1995 421 2060 haec
448 2002 523 2060 erat
541 2015 697 2060 summa:
721 1995 910 2078 ‘Rogabat
933 1997 1053 2077 regina
1070 1996 1198 2059 obnixe
1220 2014 1293 2059 om-

346 2116 423 2160 nem
450 2097 579 2159 clerum
603 2115 751 2178 congre
733 2103 865 2174 ratum,
895 2102 930 2159 et
964 2081 1189 2178 nuncupatim
1220 2096 1294 2180 epi-

347 2216 490 2279 scopum
504 2195 695 2260 Wintoniae
709 2195 851 2260 fratrem
866 2194 994 2260 domini
1011 2196 1077 2274 sni,
1093 2202 1135 2260 nt
1148 2195 1295 2259 eundem

348 2297 524 2360 dominum
548 2315 657 2376 regno
688 2296 921 2374 restituerent,
946 2315 1048 2379 quem
1077 2296 1188 2378 iniqui
1214 2296 1293 2374 viri,

348 2397 409 2478 qui
432 2398 536 2460 etiam
558 2394 714 2459 homines
737 2397 791 2459 sni
815 2403 942 2474 essent,
959 2387 1000 2458 ¹in
1014 2395 1155 2459 vincula
1175 2397 1294 2481 conje-

344 2495 500 2560 cissent'
552 2495 647 2558 Huic
664 2496 881 2577 suggestioni
897 2496 1016 2560 retulit
1031 2495 1169 2577 legatus
1186 2497 1295 2561 verba

347 2595 384 2658 in
411 2596 554 2659 eandem
582 2596 789 2659 sententiam
819 2615 890 2680 qua
919 2603 954 2660 et
980 2594 1292 2660 Londoniensibns.

349 2694 420 2772 Illi,
436 2695 687 2759 communicato
703 2694 859 2773 consilio,
871 2696 1035 2760 dixerunt
1054 2714 1092 2759 se
1116 2696 1294 2760 decretum

280 2826 284 2830 ·
348 2795 484 2858 concilii
514 2795 733 2859 convicaneis
760 2797 833 2859 suis
863 2796 1045 2873 relaturoS,
1077 2802 1113 2860 et
1139 2794 1294 2861 favorem

187 2911 323 2951 rheeouncr
348 2913 447 2957 suum
460 2901 629 2977 quantum
640 2901 784 2976 possent
794 2895 1023 2976 praestrturos
1059 2895 1162 2959 Ferra
1172 2896 1296 2978 quinta

185 2962 261 3001 breaks
270 2973 305 3012 up.

184 3012 245 3062 April
256 2973 312 3052 llll).

348 2994 499 3058 solutum
516 3001 568 3058 est
584 2993 778 3072 concilium,
788 2995 1095 3059 excommunicatis
1113 3001 1195 3058 ante
1208 2996 1297 3059 mul·

348 3094 393 3157 tis
408 3095 468 3176 qui
486 3095 657 3175 regiarum
675 3101 774 3158 erant
790 3096 961 3177 partium;
984 3095 1187 3159 nominatim
1204 3095 1295 3161 Wil-

346 3193 449 3258 lelmo
464 3193 640 3270 Martello,
651 3195 711 3276 qui
724 3195 898 3276 quondam
909 3196 1075 3277 pincerna
1091 3196 1184 3277 regis
1194 3193 1295 3259 Hen-

337 3293 421 3370 rici,
439 3300 522 3356 tunc
539 3292 673 3375 dapifer
695 3293 871 3377 Stephani.
925 3294 999 3358 Iste
1017 3295 1214 3359 immaniter
1230 3316 1294 3361 ex-

347 3393 563 3457 ulceraverat
577 3393 684 3474 legati
702 3394 866 3473 animum,
882 3395 1000 3459 multis
1022 3395 1125 3458 rebus
1142 3395 1219 3480 ejus
1240 3397 1295 3460 in·

317 3565 319 3568 ,
348 3493 509 3575 terceptis
526 3500 561 3557 et
578 3493 762 3575 subreptis

406 3681 580 3742 QUOMODO
604 3682 840 3730 IMPERATRIX
863 3683 888 3730 A
911 3682 1227 3734 LONDONIENSIBUS

695 3782 859 3830 REOEPTA
881 3781 950 3830 Sl'l'.

186 3909 299 3959 Reception
312 3909 336 3949 οι
397 3890 636 3975 §caltaque
659 3891 777 3955 multae
800 3891 866 3954 fuit
883 3892 982 3955 molis
1000 3892 1294 3959 Londoniensium

182 3960 219 3998 the
228 3971 275 4008 emp
277 3971 298 3998 re
287 3970 320 3998 ess

183 4010 209 4058 by
218 4011 256 4049 tbe
264 4011 319 4050 Lon·

181 4060 264 4100 donem.

346 3992 479 4054 animos
508 3993 720 4074 permulcere
747 4010 861 4073 posse,
892 3999 943 4068 nt,
971 4011 1048 4055 cum
1074 3991 1149 4061 haec
1174 3995 1294 4058 statim

584 4180 593 4213 ¹
606 4183 711 4247 Neque]
729 4184 781 4242 E.;
796 4198 827 4232 ne
839 4198 907 4245 quae,
920 4184 949 4233 S.
962 4183 996 4232 D.
1009 4184 1062 4232 L2.
