2866 4868
138 425 272 507 mnu]
367 442 480 490 cusra
505 442 629 491 aucun
655 444 866 493 ancnoauu.
1020 431 1086 496 625

137 597 259 676 patriae
272 597 529 680 praedicandum
543 601 822 666 emolumentum.
856 602 980 685 Itaque
992 603 1084 668 Nor·

137 698 312 760 manniam
337 699 480 763 veniens
503 701 599 764 brevi
622 708 733 765 totam
755 703 858 784 cepit,
884 703 939 766 vol
968 705 1084 786 potius

137 798 278 879 recepit,
296 799 454 862 omnibus
470 799 513 862 ad
527 800 603 884 ejus
618 800 806 865 dominium
820 803 1084 882 confluentibuS,

138 903 178 960 ut
209 896 309 961 fessae
336 899 537 980 provinciae,
565 901 685 981 vigore
709 921 778 983 quo
808 902 972 983 pollebat,
1002 923 1084 968 con·

139 996 277 1060 sulerct.
329 997 364 1063 N
367 1019 413 1062 on
433 1005 549 1062 tamen
573 1001 648 1062 sine
673 1002 843 1081 sanguine
863 1009 996 1065 tantam
1014 1005 1085 1067 vic-

138 1097 262 1159 toriam
278 1117 536 1176 consummans,
551 1100 677 1165 multos
700 1120 745 1163 ex
767 1101 977 1165 charissimis
999 1105 1085 1166 ami·

138 1195 204 1261 sit:
222 1197 314 1261 inter
330 1217 417 1280 quos
428 1198 620 1280 ,Rogerium
637 1199 679 1268 de
690 1199 885 1278 Glocestra,
902 1204 1084 1284 probatum

137 1296 292 1374 militem,
316 1299 352 1360 in
376 1299 573 1362 obsessione
592 1299 720 1363 Falesii
745 1301 963 1366 arcubalistae
984 1303 1084 1385 jactu

136 1395 174 1458 iu
189 1398 302 1479 capite
317 1417 536 1480 percussum
560 1406 729 1481 praeterea
743 1393 954 1465 ¹R0hertum
976 1402 1083 1465 filium

138 1493 323 1574 Hamoms,
341 1497 401 1579 qui
424 1505 526 1562 conto
544 1499 635 1562 ictus
651 1506 820 1581 tempora,
834 1500 1084 1584 hebetatusque

137 1595 288 1676 ingenio,
309 1618 379 1661 non
394 1590 523 1679 ²pauco
540 1606 693 1680 tempore
711 1600 810 1681 quasi
830 1607 953 1681 captus
969 1610 1084 1665 mente

137 1697 341 1778 supervixit.
378 1697 505 1761 Merito
520 1699 724 1761 mulctatum
739 1697 867 1776 ferunt,
883 1701 986 1781 quod,
1006 1702 1082 1785 ejus

137 1795 304 1859 liberandi
335 1816 453 1874 causa,
484 1818 546 1861 rex
574 1797 750 1861 Henricus
783 1799 931 1862 Baiocas
960 1801 1082 1864 civita·

139 1901 207 1958 tem
232 1915 309 1959 cum
340 1897 524 1979 principali
548 1897 694 1961 ecclesia
718 1898 857 1980 ignibus
880 1899 1082 1981 absumpse-

137 1996 203 2059 rit:
237 1996 297 2059 sed
328 1997 477 2079 utrique,
502 2004 541 2059 ut
567 2016 758 2078 speramus,
786 1997 966 2079 purgabile
994 1999 1081 2078 fuit;

133 2113 216 2159 nam
232 2102 268 2159 et
280 2095 487 2160 detrimenta
509 2096 665 2159 ecclesiae
687 2117 749 2159 rex
771 2097 913 2160 mirifice
938 2101 1082 2162 resarci-

136 2196 198 2273 vit,
216 2202 251 2260 et
269 2195 444 2260 Robertus
466 2195 711 2260 monasterium
726 2196 1001 2261 Thoochesbiriae
1018 2218 1082 2262 suo

134 2293 253 2360 favore
275 2315 344 2358 non
365 2295 466 2359 facile
488 2304 678 2360 memoratu
703 2303 870 2379 quantum
897 2297 1080 2375 exaltavit,

131 2394 193 2463 ¹ubi
219 2401 255 2459 et
280 2395 502 2459 aedificiorum
531 2396 645 2472 decor,
668 2404 703 2460 ct
726 2396 971 2459 monachorum
999 2397 1081 2461 cha-

134 2493 232 2571 ritas,
247 2495 508 2559 adventantium
522 2496 615 2578 rapit
629 2496 748 2559 oculos
762 2503 797 2560 et
812 2496 921 2561 allicit
935 2498 1078 2562 animos.

136 2593 273 2658 Horum
286 2595 504 2677 dispendium
523 2604 563 2659 ut
582 2596 721 2659 fortuna
740 2597 895 2672 sarciret,
911 2616 1080 2660 summam

131 2713 274 2759 manum
293 2694 475 2775 ingruente
497 2695 587 2758 hello
607 2695 793 2777 imposuit;
817 2696 1079 2779 venientemque

135 2801 256 2859 contra
276 2813 313 2857 se
333 2813 410 2858 cum
430 2814 500 2857 non
520 2795 771 2858 contemnenda
792 2815 897 2859 manu
924 2796 1078 2873 fratrem,

134 2901 169 2958 et
183 2893 397 2959 Willelmum
426 2895 584 2958 comitem
611 2892 800 2970 Moretolii,
824 2903 860 2958 et
888 2895 1079 2960 Robertum

135 2993 298 3070 Belcsmi,
327 2992 448 3058 ditioni
483 2994 558 3077 ejus
593 2993 688 3057 facili
721 3013 827 3076 opera
858 2995 1078 3061 contradidit.

134 3092 215 3157 Hoc
238 3092 366 3157 bellum
389 3100 504 3157 actum
526 3099 579 3157 est
604 3094 696 3175 apud
718 3093 979 3170 Tenerchebrci,
1003 3114 1077 3158 cas·
1091 3115 1194 3174 sarran

133 3193 254 3257 tellum
279 3193 414 3256 comitis
439 3193 701 3268 Moritoliens1s,
716 3186 886 3256 ³Sabbato
910 3195 946 3255 in
966 3197 1078 3258 sancti
1090 3165 1223 3265 llllltltl'

135 3293 316 3357 Michaelis
340 3292 472 3374 vigilia.
525 3292 623 3356 Idem
649 3293 722 3355 dies
747 3299 827 3355 ante
847 3292 1080 3375 quadraginta
1091 3266 1145 3307 ω’
1157 3269 1212 3307 ¹¹⁰⁶'

133 3394 270 3458 circiter
291 3411 401 3456 annos
423 3393 549 3469 suerat,
569 3391 860 3456 cum.Willelmus
883 3391 1078 3475 Hastingas

132 3494 263 3574 primus
289 3493 445 3574 appulit3
470 3492 615 3574 provido
632 3492 778 3555 forsitan
793 3489 859 3554 Dei
878 3491 1023 3575 judicio,
1039 3501 1078 3559 ut

134 3612 174 3657 eo
204 3593 259 3656 die
287 3592 492 3656 subderetur
515 3589 655 3673 Angliae
686 3590 915 3668 Normannia,
937 3612 1006 3674 quo
1034 3592 1079 3655 ad

133 3711 209 3756 eam
238 3691 495 3778 subjugandam
519 3691 601 3754 olim
626 3699 769 3755 venerat
798 3691 1080 3755 Normannorum

167 3959 176 3992 ¹
197 3961 330 4010 Robertum
345 3958 430 4024 filium
451 3957 592 4019 Humanis]
655 3952 781 4023 'Procul
800 3957 828 4006 S.
850 3958 879 4006 G.
899 3957 935 4006 D.
956 3959 1009 4007 ΕΞ.
1031 3957 1080 4018 t.;

132 4033 184 4082 His
194 4030 319 4094 daughter
329 4030 412 4079 Mabil
431 4030 533 4077 became
552 4027 594 4075 the
618 4041 706 4090 parvo,
716 4028 773 4076 El.

132 4103 193 4152 wife
204 4101 233 4152 of
241 4101 335 4150 Robert
341 4099 429 4148 earlof
436 4099 596 4157 Gloucester,

131 4171 252 4223 towhom
270 4171 445 4231 Malmesbury
462 4167 595 4217 dedicated
655 4159 802 4233 wochara]
821 4166 1044 4216 Michaelmas·eve
1056 4168 1082 4216 in

132 4241 276 4294 thiswork.
620 4240 686 4287 11⁰6
697 4236 741 4285 tell
752 4251 784 4284 on
797 4236 900 4297 Friday.
