2866 4868
159 408 313 489 mauu]
388 424 502 473 oasrs
526 424 652 473 aucun
677 425 891 473 nuenoauu.
1044 409 1110 473 503

159 592 193 648 et
208 592 390 650 ventorum
411 586 629 651 clementiam
646 586 830 668 operiatur.
884 584 1041 666 ‘Atqui,’
1056 588 1109 649 in·
1146 614 1149 620 ¹

159 686 235 768 quit
257 705 332 763 rex,
355 691 556 769 ‘nunquam
574 687 691 750 audivi
714 706 830 767 regem
852 685 1035 766 naufragio
1056 686 1108 749 in-

160 786 305 849 teriisse.
358 784 453 863 Quin
468 787 583 868 potius
599 787 724 850 solvite
746 786 938 849 retinacula
955 785 1107 863 navium,

159 884 318 948 videbitis
341 885 511 949 elementa
531 885 606 969 jam
629 885 828 968 conspirata
846 886 883 948 in
908 904 1023 948 meum
1046 887 1107 949 ob-

160 984 339 1066 sequium!
392 984 506 1049 Ponto
530 986 690 1063 transito,
717 987 926 1062 obsessores,
941 985 1017 1068 ejus
1043 1004 1106 1048 au-

159 1082 233 1147 dita
256 1083 361 1161 fama,
386 1084 571 1149 dissiliunt.
624 1083 758 1148 Auctor
772 1086 963 1161 turbarum,
983 1084 1106 1148 Helias

161 1183 312 1264 quidam,
338 1185 492 1266 capitur3
516 1185 571 1248 cui
594 1191 676 1248 ante
699 1203 736 1247 se
760 1185 910 1249 adducto
930 1204 992 1247 rex
1017 1183 1106 1247 ludi-

159 1283 306 1360 bundas,
326 1283 475 1348 ‘Habeo
497 1291 544 1362 te,
560 1285 726 1366 magister
737 1284 757 1348 !'
775 1278 892 1348 ¹dixit.
944 1277 1007 1346 ²At
1022 1303 1106 1347 vero

160 1382 253 1446 illius
269 1384 342 1448 alta
365 1384 540 1460 nobilitaS,
556 1403 634 1467 quae
651 1385 799 1448 nesciret
823 1385 859 1446 in
879 1390 978 1447 tanto
1002 1383 1107 1447 etiam

159 1483 311 1564 periculo
337 1476 497 1547 ³humilia
521 1503 654 1566 sapere,
681 1483 824 1546 humilia
847 1484 965 1565 loqui:
1000 1483 1106 1546 ‘For-

162 1581 277 1660 tuitu,’
306 1584 431 1666 inquit,
454 1589 531 1646 ‘me
554 1584 695 1665 cepisti3
725 1583 785 1646 sed
811 1583 841 1645 si
866 1601 1003 1665 possem
1025 1602 1107 1646 eva·

159 1682 251 1760 dere,
272 1684 354 1747 novi
379 1682 461 1764 quid
483 1682 655 1747 facerem?
705 1682 795 1745 Tum
811 1682 1019 1758 WillelmuS,
1033 1702 1105 1764 prae
1195 1749 1202 1762 ,
1247 1714 1251 1721 ·

147 1780 273 1873 ⁸lurore
287 1782 359 1847 fere
373 1790 475 1847 extra
491 1803 529 1847 se
552 1782 697 1865 posituS,
707 1789 742 1846 et
758 1784 935 1847 obuncans
953 1782 1105 1858 Heliam,

159 1881 259 1959 ‘Tu,'
271 1883 397 1965 inquit,
408 1888 417 1917 ‘
429 1884 573 1947 nebulo!
590 1890 641 1958 tu,
656 1883 739 1965 quid
756 1882 911 1946 faceresl
945 1881 1105 1958 Discede,

161 1982 230 2059 ahi,
255 1981 358 2064 fugel
397 1983 548 2047 concedo
573 1983 636 2046 tihi
662 1990 699 2046 ut
725 1981 833 2046 facias
856 1981 1018 2066 quioquid
1046 2000 1107 2063 po·

160 2081 264 2146 teris:
289 2090 336 2159 et,
351 2102 413 2166 per
426 2083 560 2146 vultum
582 2082 624 2145 de
643 2081 757 2148 Luca!
782 2083 879 2158 nihil,
900 2082 930 2144 si
944 2101 999 2145 me
1013 2082 1105 2144 vioe-

159 2181 218 2258 ris,
244 2202 307 2264 pro
333 2182 398 2246 hac
424 2182 527 2246 venia
541 2190 655 2246 tecum
673 2181 852 2264 paciscar.'
902 2176 997 2245 ⁴Nec
1022 2180 1107 2244 inse-

160 2281 231 2343 rius
254 2280 385 2345 factum
399 2283 504 2346 verbo
522 2282 599 2359 fuit,
617 2281 677 2346 sed
701 2283 864 2345 continuo
880 2281 1009 2345 dimisit
1024 2300 1106 2345 eya·

160 2380 253 2457 dere,
268 2381 413 2446 miratus
434 2383 551 2463 potius
572 2401 677 2464 quam
698 2383 888 2446 insectatus
908 2381 1105 2463 fugientem.

163 2478 251 2557 Quis
267 2481 353 2544 talia
368 2482 410 2545 de
424 2481 589 2546 illiterato
606 2482 743 2546 homine
759 2482 935 2546 crederetl
977 2481 1022 2545 Et
1036 2479 1107 2544 for-

161 2580 264 2644 tassis
292 2581 359 2644 erit
386 2580 512 2663 aliquis
539 2583 610 2664 qui,
634 2576 837 2645 ⁵Lucanum
863 2582 995 2662 legens,
1018 2581 1107 2643 falso

162 2680 322 2761 opinetur
336 2680 550 2746 Willelmum
573 2682 646 2745 haec
670 2682 830 2765 exempla
850 2682 892 2745 de
909 2680 932 2744 J
935 2676 1006 2744 ulio
1029 2679 1107 2743 Cae·

160 2798 238 2844 sare
260 2787 457 2844 mutuatum
484 2799 583 2845 esse:
621 2782 681 2845 sed
711 2802 781 2846 non
808 2790 884 2845 erat
908 2782 941 2845 ei
972 2788 1107 2845 tantum

161 2880 267 2944 studii
282 2881 338 2944 vel
360 2880 423 2944 otii
445 2887 486 2944 ut
508 2880 627 2945 literas
651 2901 803 2964 unquam
826 2880 980 2961 audiret3
1004 2882 1108 2944 immo

160 2979 255 3044 calor
281 2973 423 3044 ⁶mentis
448 2981 636 3062 ingenitus,
660 2990 696 3045 et
722 2981 859 3044 conscia
883 2982 1007 3056 virtus,
1030 3000 1107 3043 eum

160 3080 245 3143 talia
259 3081 451 3162 exprimere
466 3081 650 3162 cogebant.
703 3080 749 3143 Et
764 3080 932 3162 profecto,
948 3081 978 3142 si
989 3079 1108 3143 Chris-

160 3178 302 3242 tianitas
324 3187 444 3244 nostra
465 3187 655 3262 pateretur,
682 3179 773 3243 sicut
796 3179 879 3244 olim
906 3181 1021 3242 anima
1038 3178 1108 3241 Eu·
1215 3197 1218 3203 ·

159 3275 261 3342 forbii
277 3281 442 3344 transisse
456 3279 550 3344 dicta
563 3287 616 3343 est
632 3280 668 3343 in
687 3278 926 3363 Pythagoram
942 3279 1105 3351 Samium,

196 3583 203 3615 ¹
216 3585 316 3650 Dixit]
332 3587 367 3636 A.
380 3588 410 3636 G.
423 3586 457 3636 D.
470 3588 502 3636 E.
515 3587 563 3648 L.;
584 3587 621 3635 in·
647 3587 742 3636 Robert
753 3588 785 3636 de
797 3584 911 3635 Bellene
928 3588 954 3635 in
966 3591 1040 3647 1098,
1058 3589 1109 3637 and

159 3655 223 3717 quit,
235 3656 264 3706 S.
647 3658 775 3706 delivered
792 3659 845 3706 into
863 3657 905 3706 the
922 3657 1006 3720 king's
1017 3658 1109 3719 hands,

195 3721 253 3775 ”At
264 3741 320 3775 vero
338 3725 407 3776 illius
427 3728 478 3775 cita
497 3725 622 3787 aedilitas,
646 3726 789 3788 purchased
801 3726 841 3776 his
852 3726 943 3788 liberty
951 3729 1010 3789 only
1021 3730 1056 3790 by
1066 3730 1108 3777 the

158 3811 212 3858 quoe
230 3797 355 3860 nesciret]
372 3796 405 3846 A.
423 3797 458 3846 D.
477 3798 508 3845 Ε.
530 3796 579 3856 L.;
596 3801 623 3844 at
647 3798 781 3846 surrender
791 3797 821 3845 of
829 3797 871 3846 the
883 3799 934 3858 city
946 3797 975 3846 of
983 3799 1068 3860 Mans,
1080 3815 1108 3848 as

159 3867 212 3927 ille,
223 3869 299 3930 cujus
311 3868 364 3916 alta
374 3867 493 3916 nobilitas
504 3866 623 3927 nesciret,
646 3868 755 3916 testified
766 3869 801 3929 by
812 3868 950 3917 Ordericus
962 3869 1063 3918 Vitalis.

195 4003 354 4069 ³Hamilio.]
371 4006 404 4055 A.
421 4008 450 4056 G.
470 4007 501 4056 D.
521 4008 553 4055 Ε.
574 4005 603 4054 L.

159 4076 263 4125 omitted
274 4078 300 4125 in
312 4077 340 4125 S.

195 4145 270 4195 ⁴Nec
294 4146 519 4208 ...fugientem.]
544 4143 622 4193 Helie
683 4139 1109 4204 flMentis]A.S.C.D.llh.L.;

160 4221 240 4265 comte
252 4218 284 4266 de
296 4217 393 4279 Maine,
404 4217 478 4278 being
496 4216 580 4266 taken
590 4217 624 4276 by
648 4213 751 4261 omitted
763 4213 788 4260 in
801 4213 824 4260 Ε
835 4217 856 4262 l.

919 4304 988 4348 2u2

617 4021 623 4032 ‚
682 3965 692 3994 ⁵
704 3969 848 4032 Lucanum]
866 3969 1010 4032 Pharsalia,
1020 3970 1065 4020 lib.
1079 3985 1108 4019 11.

616 4041 623 4065 ’
649 4043 713 4099 5153
731 4053 754 4088 v.
766 4044 823 4088 seo.
