2866 4868
313 399 379 465 406
534 414 647 463 orsus
671 413 798 462 aucun
821 413 1036 463 ouonouuu.
1106 396 1193 480 [nir.
1209 413 1265 461 ιιι.

317 571 479 637 culdubio
494 572 588 637 dies:
612 571 642 636 si
657 571 730 648 fiat,
747 571 930 635 edocturus
952 570 1057 655 quod,
1077 570 1265 634 secundum

318 673 532 758 Platonicos,
547 692 639 737 mors
653 673 812 755 spiritum
834 692 904 735 non
925 672 1121 752 extinguat,
1136 670 1197 734 sed
1219 671 1266 734 ad

318 772 523 858 principium
540 774 594 837 sui
610 774 725 838 Deum
740 780 905 855 tanquam
920 791 940 835 e
954 791 1091 836 carcere
1109 772 1267 851 emittat3

319 876 373 939 sin
389 875 516 953 minus,
532 874 779 958 Epicureorum
801 880 905 937 sectae
927 872 1193 948 concedendum,
1207 871 1269 955 qui

319 974 506 1058 opinantur
521 974 671 1038 animam
684 993 827 1056 corpore
840 972 990 1037 solutam
1004 973 1040 1035 in
1056 991 1170 1036 aerem
1185 991 1268 1037 eva·

320 1094 472 1154 nescere,
495 1075 531 1138 in
554 1094 657 1138 auras
673 1072 820 1137 effluere.
874 1073 932 1137 Ita
953 1072 1036 1137 data
1057 1080 1269 1155 acceptaque

321 1175 399 1252 fide,
416 1174 626 1259 quotidianis
646 1174 826 1256 colloquiis
841 1180 1094 1236 sacramentum
1109 1172 1269 1255 frequen·

321 1277 457 1340 tabant.
499 1274 575 1338 Nec
588 1275 735 1339 multum
751 1275 786 1337 in
802 1272 926 1350 medio,
946 1279 982 1336 et
1001 1292 1092 1350 ecce,
1108 1292 1200 1336 mors
1215 1293 1268 1336 re-

321 1375 462 1458 pentine
479 1374 660 1438 imminens
674 1375 910 1456 indignantem
920 1373 1064 1437 halitum
1074 1373 1134 1435 uni
1150 1392 1269 1436 eorum

322 1475 490 1540 violenter
511 1475 677 1539 extraxit.
730 1474 913 1539 Remansit
931 1473 1032 1550 alter,
1054 1480 1090 1537 et
1111 1474 1201 1537 serio
1227 1473 1270 1537 de
1360 1496 1363 1501 ·

323 1576 409 1640 socii
434 1576 619 1658 sponsione
642 1574 812 1657 cogitans
833 1574 954 1658 etjam
975 1573 1118 1657 jamque
1142 1573 1269 1637 affutu-

324 1696 400 1739 rum
426 1676 633 1759 praestolans
659 1695 758 1739 cassa
790 1675 950 1758 opinione
980 1672 1126 1754 triginta
1149 1674 1270 1738 diebus

324 1784 449 1841 ventos
485 1777 601 1858 pavit3
637 1776 761 1858 quibus
795 1775 934 1857 elapsis,
970 1793 1048 1837 cum
1083 1774 1270 1856 desperans

324 1875 402 1940 aliis
424 1877 572 1958 negotiis
587 1883 769 1941 avocasset
784 1876 905 1951 otium,
919 1874 1031 1938 astitit
1052 1874 1167 1938 subito
1181 1875 1270 1956 vigi-

324 1975 424 2055 lanti,
450 1984 485 2041 et
507 1977 671 2060 quiddam
694 1977 808 2059 operis
835 1975 1003 2051 molienti,
1026 1974 1135 2052 vultu,
1157 1975 1271 2057 qualis

324 2075 414 2140 solet
436 2095 512 2140 esse
533 2077 752 2141 morientium
769 2075 885 2138 anima
899 2075 1066 2157 fugiente,
1089 2075 1271 2157 exanguis.

325 2176 416 2239 Tum
433 2183 604 2240 tacentem
621 2176 739 2241 vivum
761 2176 855 2258 prior
871 2183 1027 2240 mortuus
1049 2164 1273 2258 compellans,

327 2273 521 2356 ‘Agnoscis
534 2296 589 2340 me
599 2276 626 2340 l'
639 2276 752 2357 inquit
762 2265 777 2340 :v
788 2275 992 2358 ‘Agnosco’
1005 2275 1201 2358 respondit3
1217 2281 1275 2340 ‘et

328 2395 398 2440 uon
427 2382 562 2440 tantum
593 2376 636 2439 de
666 2376 807 2440 insolita
836 2384 898 2440 tua
925 2377 1045 2439 turbor
1076 2378 1274 2459 prasentia,

327 2483 496 2557 quantum
517 2477 559 2540 de
585 2477 750 2540 diuturna
774 2477 880 2539 miror
902 2475 1083 2540 absentia!
1134 2473 1184 2540 At
1204 2477 1275 2553 ille,

328 2577 388 2639 ubi
413 2576 611 2640 tarditatem
639 2577 809 2640 adventus
833 2576 1026 2653 excusavit,
1050 2574 1189 2640 tandem
1214 2577 1276 2653 ait,

329 2675 531 2754 ‘Tandem
562 2677 734 2759 expeditis
765 2696 937 2740 morarum
971 2677 1130 2753 nexibus,
1154 2676 1275 2741 venio:

329 2776 390 2839 sed
406 2777 576 2840 adventus
593 2777 660 2840 iste
676 2777 750 2853 tibi,
767 2778 798 2841 si
811 2776 919 2853 voles,
934 2774 1091 2863 (amice,)
1104 2777 1171 2841 erit
1183 2795 1276 2840 com-

330 2876 463 2953 modus,
490 2875 573 2939 mihi
598 2877 736 2940 omnino
760 2877 1018 2956 infructuosus3
1052 2878 1179 2960 quippe
1206 2879 1277 2959 qui,

330 2977 560 3056 pronunciata
582 2985 618 3040 et
642 2978 833 3041 acclamata
855 2977 1038 3054 sententia,
1064 2978 1280 3060 sempiternis

331 3075 395 3138 sim
425 3076 613 3158 deputatus
642 3076 845 3159 suppliciis.'
907 3077 1064 3159 Cumque
1087 3079 1200 3154 vivus,
1235 3078 1279 3141 ad

331 3175 542 3256 ereptionem
583 3177 721 3254 mortui,
751 3177 867 3240 omnia
902 3197 967 3241 sua
997 3177 1215 3240 monasteriis
1244 3184 1280 3241 et

331 3275 449 3357 egenis
469 3294 714 3357 expensurum,
739 3296 844 3359 seque
861 3277 934 3340 dies
951 3285 986 3341 et
1002 3284 1121 3341 noctes
1136 3277 1279 3361 jejuniis

331 3384 366 3439 et
381 3374 594 3439 orationibus
610 3378 901 3454 continuaturum,
919 3378 1155 3458 promitteret3
1174 3377 1281 3439 ‘Fix-

331 3494 390 3536 um
412 3475 489 3551 est,'
504 3476 629 3558 inquit,
646 3478 759 3559 ‘quod
775 3476 861 3553 dixi,
877 3478 959 3558 quia
979 3478 1055 3541 sine
1076 3477 1282 3558 poenitentia

331 3581 414 3637 sunt
435 3574 569 3658 judicia
596 3575 674 3652 Dei,
707 3577 831 3659 quibus
860 3576 897 3639 in
930 3576 1152 3659 sulphuream
1178 3596 1280 3641 vora-

331 3674 448 3755 ginem
462 3673 586 3736 inferni
601 3676 775 3739 demersus
797 3696 873 3740 sum
886 3697 894 3740 :
919 3677 966 3740 ibi
982 3678 1062 3740 dum
1078 3685 1170 3741 rotat
1186 3685 1281 3740 astra

331 3773 445 3855 polus,
461 3773 542 3836 dum
565 3774 681 3855 pulsat
701 3776 820 3841 littora
841 3785 980 3860 pontus
996 3799 1059 3860 pro
1081 3778 1280 3841 criminibus

332 3873 418 3936 meis
433 3872 574 3952 volvar;
599 3875 797 3940 inflexibilis
817 3878 998 3940 sententiae
1022 3885 1140 3942 manet
1157 3871 1280 3959 ¹rigor,

332 3980 464 4037 aeterna
495 3980 530 4037 et
558 3973 737 4039 innumera
762 3997 945 4059 poenarum
980 3997 1108 4059 genera
1141 3978 1281 4042 commi-

496 4209 503 4239 ¹
517 4213 619 4275 trigon]
637 4212 670 4262 Α.
686 4215 715 4263 C.
728 4213 763 4262 D.
775 4215 808 4263 Ε.
821 4214 867 4274 L.;
885 4215 952 4275 rigor
963 4218 1082 4278 aeternus,
1094 4216 1123 4265 S.
