2866 4868
349 426 415 490 674
567 440 681 490 cussa
705 439 832 488 aucun
855 438 1071 488 1111111111.
1168 425 1256 507 [nin.
1273 441 1304 489 v.

490 613 538 660 nu
560 611 723 660 1111111111
746 611 887 660 sunaus
909 609 1162 661 ououcusunm.

189 720 318 760 ⁸²¹¹⁰⁸¹¹b⁰t
403 719 421 803 §
435 720 512 785 441.
531 721 590 799 Et,
605 741 649 786 11
664 719 795 803 Anglia
812 740 937 804 expers
951 721 1033 784 boni
1048 727 1204 803 putetur,
1222 727 1300 807 quis

189 771 212 808 ol
312 792 318 800 ·

189 771 308 860 “renum
350 821 463 904 possit
479 821 656 904 praeterire
682 821 859 885 Serlonom
881 821 1040 885 abbatem
1057 820 1300 889 Gloecestron-

351 940 436 997 sem,
449 922 509 1003 qui
524 922 638 986 locum
657 921 757 985 illum
774 941 819 985 ex
834 921 956 984 humili
972 927 1008 984 et
1024 941 1113 1004 pone
1134 923 1232 989 nullo
1255 926 1298 990 ad

350 1020 539 1103 gloriosum
554 1028 756 1105 provectum
771 1020 923 1086 extulitt
957 1019 1056 1085 Nota
1070 1028 1123 1085 est
1139 1024 1299 1089 omnibus

349 1117 477 1202 Anglis
493 1119 768 1186 Gloecestrensis
791 1121 941 1185 discreta
962 1120 1095 1203 religio,
1118 1141 1224 1204 quam
1246 1126 1298 1188 in-

350 1219 468 1284 firmus
500 1223 611 1303 possit
636 1221 823 1303 suspicere,
851 1241 914 1285 nec
946 1221 1057 1303 possit
1084 1221 1185 1286 fortis
1215 1244 1296 1288 con-

349 1327 513 1384 temnere.
568 1321 648 1385 Hoo
673 1321 743 1384 illis
765 1321 910 1404 signifer
929 1319 1027 1384 Serlo
1049 1321 1180 1399 intulit,
1197 1330 1237 1387 ut
1257 1344 1300 1388 ne

348 1419 431 1501 quid
453 1419 566 1484 nimis
619 1421 789 1500 Quamvis
803 1429 844 1486 ut
859 1427 934 1484 erat
956 1420 1055 1483 bonis
1077 1420 1230 1500 humilis,
1246 1424 1298 1488 ita

347 1521 505 1602 superbis
526 1521 646 1584 minax
673 1540 715 1584 ac
737 1521 913 1585 terribilis.
965 1517 1022 1583 Ad
1041 1520 1134 1602 quod
1156 1520 1297 1587 firman-

347 1619 429 1683 dum
450 1640 572 1685 versus
597 1620 641 1685 do
663 1640 704 1686 eo
719 1619 900 1686 Godofridi
917 1619 1043 1702 prioris
1069 1620 1238 1686 adducam
1261 1623 1297 1697 in

346 1718 508 1785 medium.
614 1798 619 1808 Ι

551 1908 690 1958 VERSUS
713 1910 761 1957 DE
784 1911 906 1957 EODEM
931 1911 1092 1960 MORTUO.

345 2021 356 2052 ‘
369 2016 535 2082 Ecclesiae
553 2037 670 2082 murus
684 2018 820 2095 cecidit,
838 2018 981 2083 Serlono
995 2019 1161 2083 cadente:

417 2117 570 2182 Virtutis
585 2118 734 2200 gladius,
749 2119 896 2182 buccina
904 2119 1065 2202 justitia,

368 2216 464 2281 Vera
476 2217 630 2301 loquens,
649 2225 684 2282 et
699 2238 769 2282 non
779 2220 880 2282 vanis
899 2220 1115 2282 sermonibus
1129 2226 1245 2297 utens,

418 2318 476 2395 Et,
493 2336 580 2400 quos
598 2317 1005 2415 corripuit-principibus
1020 2319 1164 2401 placuit.

366 2416 390 2480 J
393 2417 544 2482 udicium
558 2436 726 2501 praeceps,
740 2418 935 2483 contrarius
952 2419 1083 2483 ordinis
1098 2438 1207 2497 error,

417 2517 464 2582 Et
480 2517 605 2583 levitas
618 2537 765 2595 morum,
780 2538 850 2582 non
866 2518 1027 2601 placuere
1041 2518 1118 2583 sibi.

366 2615 506 2682 Tertius
520 2637 542 2681 a
559 2616 582 2681 J
585 2637 651 2681 ano
665 2618 806 2696 mensis,
818 2619 883 2682 lux
898 2619 1002 2682 tertia
1018 2619 1159 2696 mensiS,

417 2716 506 2782 Cum
521 2737 604 2782 neco
617 2736 841 2801 suppressum
857 2717 932 2782 vita
948 2718 1080 2785 levavit
1094 2718 1195 2783 eum’

428 2907 476 2954 DE
499 2907 665 2956 LANZONE
688 2908 823 2956 PRIORE
846 2908 976 2957 SANOTI
1001 2907 1214 2959 PANORA'l'll.

182 3021 318 3112 olfflgggbr
393 3016 511 3100 §442
535 3016 624 3095 Quis
652 3016 849 3081 Lanzonem
878 3024 1006 3094 taceat,
1033 3014 1093 3098 qui
1118 3036 1160 3081 ea
1185 3024 1292 3082 aetate

286 3101 291 3112 ’
342 3115 438 3181 nullo
459 3116 603 3181 inferius
628 3117 814 3181 sanctitate
830 3116 966 3193 >floruit
992 3115 1183 3180 monachus
1206 3115 1292 3182 Clu·

342 3217 526 3294 niacensis,
548 3224 583 3280 et
604 3216 699 3298 prior
717 3210 846 3280 ¹sancti
872 3215 1054 3281 Pancratii
1074 3217 1112 3280 in
1132 3216 1290 3300 Anglial

342 3315 403 3399 qui
417 3316 589 3399 probitate
604 3335 669 3381 sua
682 3317 734 3380 ita
749 3316 863 3380 locum
876 3316 974 3379 illum
993 3318 1199 3382 reverentiae
1212 3337 1290 3382 mo·

341 3416 488 3480 nachilis
515 3417 630 3498 gratia
652 3417 862 3494 nobilitavit,
892 3423 933 3480 ut
959 3417 1101 3481 unicum
1122 3416 1292 3483 bonitatis

340 3536 403 3599 pro
426 3536 507 3581 vero
535 3524 711 3580 asseratur
736 3536 812 3580 esse
836 3515 1058 3581 domicilium.
1109 3515 1165 3580 Do
1188 3516 1291 3600 cujus

341 3617 416 3680 vita
431 3615 513 3699 quia
527 3617 691 3700 quicquid
709 3616 831 3681 dixero
854 3615 946 3681 infra
960 3615 1054 3680 illius
1072 3615 1196 3680 merita
1211 3635 1289 3681 esse

340 3716 522 3793 denuncio,
563 3718 675 3780 solum
709 3717 803 3780 illius
841 3717 984 3795 obitum,
1010 3713 1126 3780 verbis
1162 3715 1290 3798 quibus

340 3816 506 3898 scriptum
539 3816 668 3894 inveni,
709 3836 894 3900 apponam,
925 3823 965 3880 ut
1000 3815 1131 3899 liquido
1167 3823 1290 3899 pateat

339 3934 444 3998 quam
460 3916 610 3998 gloriose
627 3917 756 3980 vixerit
770 3919 830 4001 qui
847 3925 919 3982 tam
934 3916 1087 3999 gratioso
1104 3915 1202 3981 obiit.

452 4172 460 4204 ¹
473 4173 559 4226 Sancti
570 4172 701 4224 Pancratii
712 4173 738 4223 in
749 4171 866 4236 lingbu]
883 4173 919 4221 At
930 4171 1020 4222 Leues
1031 4171 1058 4220 in
1068 4171 1173 4222 Susscx.
