2866 4868
338 391 404 457 718
626 406 800 456 ursroma
824 407 1002 456 novumn.
1145 392 1232 475 [ms.
1252 407 1294 455 11.

339 566 467 650 praesul
492 564 661 655 dictabat)
685 566 729 630 ad
753 571 1008 643 ornamentum,
1019 564 1081 629 sed
1096 563 1156 652 (ut
1177 585 1216 630 se
1241 566 1292 630 rei

340 668 470 732 veritas
497 664 620 753 habet)
650 666 694 730 ad
719 664 873 731 ecclesiae
903 666 1159 744 detrimentum,
1182 665 1292 730 aedili-

341 775 468 831 catum.
521 766 564 830 In
586 767 664 850 ipsa
686 767 884 831 obsessione
902 766 1047 830 castella
1080 765 1292 844 Salesbiriae,

342 866 600 944 Sciresburniae,
617 865 863 931 Malmesbiriae
886 865 961 948 regi
985 866 1089 932 data:
1113 867 1201 949 ipsee
1227 866 1292 930 Di-

342 969 428 1032 visae
454 974 534 1050 post
555 967 707 1032 triduum
731 965 888 1044 redditae,
902 985 981 1030 cum
1006 966 1073 1030 sibi
1093 965 1291 1031 ultroneum

338 1067 510 1151 jejunium
536 1066 718 1150 episcopus
744 1066 941 1144 indixisset,
966 1073 1006 1130 ut
1036 1065 1102 1134 hac
1127 1067 1293 1149 angustia

344 1187 408 1232 sua
420 1161 427 1198 ¹
438 1168 588 1231 animum
605 1168 759 1250 episcopi
773 1166 935 1242 Eliensis,
950 1166 1010 1248 qui
1024 1185 1085 1231 eas
1094 1185 1294 1249 ,occupave-

344 1275 410 1344 rat,
429 1267 593 1332 flecteret.
607 1285 610 1290 ·
646 1268 722 1332 Nec
737 1260 952 1332 ²Alexander
963 1265 1146 1350 episcopus
1161 1266 1292 1333 Lindo·

344 1367 505 1432 celiensis
520 1368 728 1432 obstinatius
750 1367 834 1449 egit,
849 1366 1040 1431 redditione
1052 1360 1293 1431 ³castellorum

347 1468 488 1532 Niwerh
504 1474 539 1531 et
554 1467 722 1533 Eslefford
735 1467 972 1531 liberationem
987 1474 1172 1531 mercatus·

397 1569 484 1651 §2L
509 1567 589 1632 Hoc
604 1568 697 1650 regis
711 1569 842 1632 factum
863 1568 900 1630 in
921 1567 1078 1631 diverses
1100 1567 1294 1633 sententias

345 1667 451 1733 solvit
465 1688 526 1732 ora
541 1668 738 1732 multorum.
791 1667 943 1746 Quidam
954 1667 1115 1731 dicebant
1125 1665 1207 1751 jure
1218 1685 1294 1731 cas·

345 1769 437 1832 tellis
452 1768 622 1832 alienatos
638 1770 819 1852 episcopos
836 1767 959 1845 videri,
973 1786 1052 1849 quae
1064 1774 1193 1850 praeter
1205 1767 1294 1832 scita

346 1888 518 1932 canonum
545 1867 775 1933 aedificassent
788 1888 808 1932 :·
828 1866 907 1932 illos
932 1866 1166 1951 evangelistas
1198 1867 1293 1951 pacis

347 1966 422 2032 esse
441 1969 577 2045 debore,
593 1988 663 2032 uon
685 1966 892 2031 architectos
913 1966 1092 2032 domorum
1111 1987 1191 2051 quae
1212 1984 1295 2031 auc·

347 2069 480 2133 toribus
496 2066 655 2131 maleficii
674 2066 789 2132 forent
802 2066 981 2149 refugium.
1036 2067 1126 2133 Haec
1149 2067 1295 2152 amplio-

348 2169 442 2232 ribus
466 2167 656 2232 rationibus
675 2174 712 2232 et
727 2167 944 2234 sermonibus,
964 2169 1091 2250 agebat
1104 2167 1215 2251 Hugo
1240 2187 1296 2233 er-

348 2269 587 2351 chiepiscopus
610 2267 835 2349 Rothomagi,
860 2274 1030 2350 quantum
1050 2267 1112 2332 illa
1134 2267 1296 2333 facundia

348 2375 487 2450 poterat
500 2368 672 2431 maximus
683 2368 774 2450 regis
787 2376 1036 2451 propugnator.
1082 2366 1153 2433 Alii
1164 2374 1297 2445 contre,

348 2488 494 2551 quorum
523 2469 679 2550 partibus
711 2468 897 2532 assistebat
925 2467 1100 2532 Henricus
1121 2467 1168 2534 W
1170 2468 1298 2533 intoni-

350 2568 443 2632 ensis
469 2569 664 2650 episcopus,
688 2568 780 2632 sedis
805 2568 1007 2651 apostolicae
1033 2569 1070 2632 in
1092 2566 1226 2651 Anglia
1246 2567 1297 2632 le·

351 2676 467 2750 gatus,
483 2667 590 2731 frater
609 2667 700 2750 regis
722 2667 901 2751 Stephani,
916 2675 956 2733 ut
974 2677 1056 2733 ante
1076 2668 1171 2750 dixi3
1194 2688 1298 2753 quem

351 2789 415 2833 nec
440 2768 594 2832 fraterna
619 2768 850 2846 necessitudo,
875 2788 939 2833 nec
962 2769 1107 2852 periculi
1128 2775 1256 2848 metue,
1277 2788 1300 2835 a

351 2889 434 2933 vero
448 2861 549 2932 4tune
574 2869 770 2933 exorbitare
796 2870 953 2951 cogebat.
1006 2869 1063 2934 Sic
1081 2889 1185 2953 porro
1206 2869 1299 2935 dico·

351 2970 431 3034 bat:
467 2968 525 3032 ‘Si
557 2969 710 3052 episcopi
738 2969 912 3034 tramitem
934 2968 1083 3053 justitiae
1111 2969 1149 3033 in
1180 2969 1300 3054 aliquo

351 3069 686 3152 transgrederentur,
711 3089 781 3133 non
807 3088 884 3133 esse
908 3070 1013 3151 regis,
1042 3068 1103 3133 sed
1127 3089 1299 3135 canonum

346 3168 537 3254 judicium3
569 3170 644 3234 sine
672 3168 809 3252 publico
836 3176 871 3233 et
897 3169 1131 3234 ecclesiastico
1153 3171 1300 3237 concilio

353 3271 431 3333 illos
445 3269 542 3332 nulla
556 3269 773 3351 possessione
788 3269 916 3351 privari
930 3269 1107 3335 debuisse:
1132 3290 1250 3352 regem
1264 3270 1300 3334 id

353 3390 422 3432 non
437 3363 671 3434 ⁵rectitudinis
686 3369 771 3447 zelo,
788 3368 847 3432 sed
872 3369 1042 3434 commodi
1063 3371 1118 3434 sui
1139 3390 1302 3455 compen-

352 3469 409 3534 dio
422 3470 565 3549 fecisse3
588 3469 647 3552 qui
662 3469 806 3534 castella
828 3460 899 3533 non'
917 3470 1081 3548 ecclesiis,
1095 3490 1140 3534 ex
1153 3490 1302 3554 quarum

387 3713 545 3788 Matinum]
562 3722 611 3784 Ε.;
623 3719 817 3781 animositatem,
876 3716 1060 3782 Missam]
1083 3719 1116 3768 Ε.
1123 3732 1135 3777 3
1156 3717 1261 3767 omitted
1277 3718 1305 3767 in

354 3791 383 3840 S.
395 3791 430 3840 D.
443 3791 601 3840 Iam-The
617 3790 709 3839 author
727 3789 756 3838 of
772 3789 815 3838 the
841 3789 871 3840 S.
883 3791 917 3840 D.
931 3791 986 3839 ¹12·

353 3861 435 3910 Gesta
456 3861 577 3923 Stephani
595 3865 674 3911 states
695 3860 751 3909 that
772 3859 815 3908 the
875 3857 886 3890 ³
898 3860 1058 3910 Castaliarum
1069 3856 1175 3907 Niwerh
1189 3861 1215 3907 et
1225 3857 1306 3919 Beles-

352 3931 416 3993 king
431 3931 536 3980 ordered
553 3931 613 3980 both
630 3931 735 3993 bishops
745 3934 771 3978 to
783 3932 814 3980 be
832 3926 916 3998 sord]
937 3932 984 3989 Ε.;
1001 3928 1110 3991 castelli,
1121 3928 1150 3978 S.
1162 3927 1199 3978 D.
1211 3929 1268 3978 La.

352 4000 415 4061 kept
422 4001 529 4050 without
539 4001 607 4052 sood.
625 4002 682 4052 0ne
690 4015 745 4050 was
755 4014 814 4048 con·
874 3998 885 4030 ⁴
898 3994 988 4068 Tana]
1007 4000 1039 4050 Ε.
1050 4014 1058 4061 ;
1073 3999 1179 4048 omitted
1189 3999 1216 4047 iu
1227 3999 1258 4050 S.
1266 3998 1302 4050 D.

351 4070 418 4120 lined
434 4071 461 4119 in
476 4072 518 4120 the
534 4073 587 4121 crib
598 4073 626 4121 of
641 4087 673 4121 an
684 4071 813 4133 ort-louge,
838 4071 894 4121 La.

350 4141 392 4190 the
404 4141 475 4191 other
489 4142 515 4189 in
531 4157 547 4191 a
566 4142 648 4192 hovel.
667 4140 748 4206 (Flor.
759 4142 813 4190 Wi·
872 4138 1062 4190 ³ltectc'tudiais
1082 4132 1158 4208 zela]
1176 4140 1210 4191 Ε.
1227 4141 1302 4203 lam

350 4227 420 4274 gom.
432 4212 531 4261 Contio.
543 4212 612 4263 Am.
625 4209 711 4277 1138.)
838 4227 870 4261 ex
882 4210 1041 4262 rectitudinis
1052 4209 1118 4273 zelo,
1128 4210 1158 4260 S.
1170 4209 1207 4260 D.
