2866 4868
142 408 295 489 maru]
376 425 489 474 cusan
513 426 640 475 annun
664 428 878 475 nunnoauu.
1029 412 1095 475 505

141 603 233 647 mam
251 586 409 667 perculit,
423 593 462 650 ut
485 585 656 666 fragmina
672 578 723 647 ¹in
747 593 823 650 tota
845 593 1093 668 spargerentur

142 685 300 762 ecclesia,
316 687 401 769 quin
416 693 451 750 et
467 686 623 748 crucifixi
640 693 746 767 caput
759 706 837 749 cum
853 685 978 748 dextra
993 685 1090 763 tibia,

142 791 177 847 et
191 785 377 867 imaginem
399 793 529 849 sanotae
545 785 669 848 Mariae
684 785 820 868 dejecit.
866 785 1013 848 Secutus
1036 793 1089 849 est

141 884 227 948 odor
251 887 458 963 teterrimus,
480 885 657 948 bominum
684 885 912 967 importabilis
935 885 1087 948 naribus.

141 983 298 1048 Tandem
316 984 487 1061 monachi,
501 983 594 1048 felici
611 1003 700 1047 ausu
722 985 963 1067 irrumpentes
985 984 1089 1048 bene·

139 1083 242 1148 dictae
271 1105 371 1169 aquae
401 1085 584 1168 aspergine
614 1084 810 1167 praestigias
840 1085 969 1148 inimici
1002 1083 1086 1147 effu-

140 1192 279 1264 garunt.
744 1183 751 1195 ’

191 1283 309 1367 ξ324.
333 1282 427 1361 Quid
452 1283 537 1347 illud
565 1284 724 1348 omnibus
749 1284 963 1365 incognitum
987 1305 1092 1349 secu-2

139 1383 206 1447 lisl
225 1384 396 1448 discordia
411 1391 595 1448 ventorum
609 1385 700 1448 inter
720 1404 758 1447 se
774 1384 1025 1463 dissidentium,
1042 1387 1086 1450 ab

138 1491 358 1547 euro-austro
375 1485 530 1560 veniens,
551 1484 683 1547 decimo
705 1491 806 1547 sexto
829 1483 994 1548 kalendas
1012 1485 1087 1550 No·
1098 1501 1143 1542 θοι
1156 1502 1203 1542 ¹⁷··

137 1585 287 1647 vembris
315 1582 503 1647 Londoniae
536 1584 718 1666 plusquam
749 1577 929 1648 ²secentas
964 1586 1084 1650 domos

138 1682 284 1765 effregit.
336 1682 612 1747 cumulabantur
633 1683 788 1747 ecclesiae
813 1704 892 1747 cum
914 1684 1084 1764 domibus,

138 1785 295 1847 maceriae
318 1803 396 1846 cum
418 1784 619 1865 parietibus.
673 1782 792 1867 Majus
813 1803 951 1866 quoque
971 1786 1083 1849 scelus

137 1880 234 1946 furor
258 1889 441 1948 ventorum
468 1902 585 1960 ausuS,
612 1889 743 1947 tectum
773 1883 926 1947 ecclesiae
952 1893 1083 1949 sanctae

140 1982 262 2046 Mariae
279 2002 357 2064 quae
374 1982 435 2045 ‘ad
449 1979 575 2045 Arcus'
587 1983 712 2046 dicitur
730 1982 859 2065 pariter
876 1985 1083 2063 sublevavit,

138 2089 174 2146 et
188 2081 275 2146 duos
290 2082 445 2145 homines
461 2082 509 2145 ibi
524 2083 649 2146 obruit.
688 2083 970 2167 Ferebanturquc
987 2085 1084 2166 tigna

137 2200 216 2244 cum
240 2182 396 2245 trabibus
421 2202 483 2264 per
505 2183 619 2259 inane,
646 2182 845 2264 spectaculo
868 2202 889 2245 a
912 2182 1016 2264 longe
1031 2186 1083 2248 vi·

137 2282 304 2358 sentibus,
320 2282 436 2345 timori
453 2301 561 2365 prope
583 2282 755 2346 stantibus
779 2301 822 2345 ne
846 2284 1081 2349 obruerentur.

139 2379 301 2458 Quatuor
321 2382 431 2463 tigna,
447 2400 511 2444 sex
526 2389 560 2445 et
575 2383 699 2463 viginti
723 2382 828 2464 pedes
853 2381 969 2463 longa,
984 2392 1084 2447 tanta

139 2482 174 2545 vi
189 2482 225 2543 in
248 2481 390 2544 humum
412 2482 565 2563 impacta
586 2490 668 2545 sunt
681 2489 721 2545 ut
736 2483 798 2545 vix
814 2489 964 2563 quatuor
979 2483 1084 2565 pedes

137 2587 308 2645 extarent.
363 2581 521 2644 Notabili
538 2582 616 2644 visu
630 2581 801 2663 quomodo
816 2580 976 2645 duritiem
993 2590 1084 2646 stra-

138 2687 184 2744 tae
207 2681 354 2763 publicae
376 2681 605 2764 perruperint,
625 2700 666 2744 eo
682 2682 731 2744 ibi
746 2681 865 2744 ordine
887 2682 1001 2762 posita
1015 2702 1084 2764 quo

138 2780 281 2844 intecto
303 2800 409 2845 manu
433 2778 575 2843 artificis
600 2779 736 2844 fuerant
757 2781 884 2857 locata,
902 2781 1017 2863 quoad
1039 2784 1083 2846 ob

139 2879 383 2962 impedimenta
414 2880 665 2943 transeuntium
699 2881 743 2944 ad
773 2880 951 2962 planitiem
981 2890 1083 2945 terrae

139 2989 221 3043 sunt
234 2980 384 3056 desecta,
398 2978 491 3062 quod
505 2979 606 3042 aliter
620 2980 694 3044 erui
709 2981 902 3062 nequirent.

189 3078 302 3162 §325.
327 3077 459 3156 Quinto
485 3098 576 3142 anno
603 3080 722 3143 eadem
745 3080 911 3143 violentia
933 3080 1085 3144 fulminis
1097 3097 1151 3137 Ab.
1163 3098 1218 3137 1⁰92·

138 3179 230 3261 apud
252 3179 474 3243 salesbiriam
489 3186 620 3243 tectum
643 3181 748 3243 turris
770 3180 923 3243 ecclesiae
947 3181 1084 3244 omnino

24 3338 28 3345 .
138 3279 286 3362 disjecit,
302 3279 516 3360 multumque
531 3280 714 3361 maneriam
732 3279 967 3356 labefactavit,
984 3281 1083 3362 quin-

139 3385 176 3441 ta
188 3398 272 3442 sane
288 3378 343 3442 die
358 3386 541 3460 postquam
553 3398 628 3441 eam
642 3379 864 3442 dedicaverat
876 3377 1084 3456 Osmundus,

138 3478 316 3561 praeclarae
332 3479 506 3542 memoriae
520 3479 711 3560 episcopus.

104 3605 107 3609 ’
144 3610 148 3615 ·
190 3577 299 3660 §326.
323 3577 431 3642 Sexto
448 3596 540 3641 anno
556 3586 692 3641 tantum
709 3576 776 3641 fuit
787 3577 980 3659 pluviarum
994 3577 1083 3641 dilu-
1099 3593 1153 3632 Μ).
1165 3594 1221 3632 1⁰⁹³·

138 3677 244 3755 vium,
261 3685 362 3742 tanta
382 3684 571 3761 tempestas
592 3678 765 3754 imbrium,
779 3685 946 3759 quantum
969 3677 1085 3741 nullus

140 3778 355 3843 meminerat.
407 3775 508 3854 Mos,
535 3776 720 3840 accedente
749 3777 883 3860 hyeme,
908 3777 1006 3842 fluvii
1036 3779 1087 3841 ita

139 3885 222 3940 sunt
246 3876 419 3959 congelati
443 3885 483 3940 ut
510 3885 627 3940 essent
656 3877 766 3958 pervii
790 3878 1026 3958 equitantibus
1052 3886 1088 3942 et

172 4083 181 4116 ¹
192 4086 225 4134 Ia
237 4090 288 4133 tota
298 4091 472 4149 spargerentur
481 4086 599 4148 ecclesia]
662 4109 672 4138 r
684 4110 819 4174 gemm]
832 4111 864 4160 Α,
874 4111 902 4161 S·
914 4113 944 4161 ρ,
953 4111 987 4162 D·
1002 4113 1032 4162 E·
1043 4113 1090 4174 b.;

139 4155 172 4206 Δ.
186 4155 219 4204 D.
232 4157 265 4205 E.
277 4156 325 4216 1..;
342 4171 387 4217 per
404 4162 481 4205 totam
499 4170 602 4218 sparge·

140 4231 226 4275 rentur
237 4226 381 4288 ecclesiam,
392 4227 421 4276 S.
436 4228 465 4277 C.
627 4187 755 4243 ⁰⁹¹¹t⁸¹¹³²b
767 4182 795 4231 S·
807 4181 872 4247 (lab
883 4179 955 4246 ¹002)
