2866 4868
126 440 193 487 mr
212 424 276 506 iv]
351 439 467 548 crsra
491 440 618 489 aucun
642 441 856 488 nuccoauu.
1008 423 1073 486 567

128 604 222 660 trant
241 537 479 662 fundamenta.
530 595 690 661 Alterum
712 596 788 674 suit,
812 616 876 678 pro
899 597 1072 678 lignorum
1085 613 1146 662 stete
1155 615 1220 654 ofse-

126 698 281 778 penuria,
305 698 409 761 turris
429 717 498 761 non
524 716 663 777 magna,
691 698 726 759 in
748 697 887 760 modum
908 696 1070 760 aedificio-
1083 665 1153 704 ΗΜ
1154 675 1183 703 ¹¹¹

128 816 202 859 rum
230 796 344 861 facta:
378 795 534 861 Bersreid
558 797 747 879 appellant,
759 796 864 879 quod
894 796 1071 878 fastigium

128 916 302 960 murorum
326 904 491 979 aequaret.
544 895 625 959 Hoc
648 896 973 971 machinamentum,
988 896 1071 959 dum

127 996 236 1074 fieret,
264 1016 394 1061 moram
425 995 595 1061 obsidioni
617 995 712 1059 dedit
735 1015 798 1077 pro
820 996 994 1059 fabrorum
1017 996 1069 1058 in-

128 1096 228 1160 scitia
251 1103 287 1160 et
310 1096 482 1178 lignorum
507 1089 650 1177 ¹in0pia.
702 1094 749 1158 Et
766 1095 841 1178 jam
866 1094 1071 1177 quartusde-
1083 1110 1173 1160 Ju1r14·

128 1196 235 1259 cimus
262 1196 335 1258 dies
353 1195 440 1259 Julii
457 1195 674 1271 volvebatur,
696 1214 773 1258 cum
797 1194 833 1256 hi
855 1194 1004 1257 admotis
1018 1193 1069 1257 vi-

128 1296 200 1358 neis
216 1314 352 1358 murum
374 1294 553 1369 soffodera
575 1294 611 1355 hi
635 1303 763 1358 turrem
782 1313 984 1375 promovere
1001 1314 1069 1358 coe-

127 1413 227 1476 pere:
266 1393 359 1475 quod
390 1401 429 1458 ut
458 1395 684 1476 opportunius
716 1393 824 1468 fieret,
855 1394 1070 1457 membratim

127 1492 336 1577 disjunctam
350 1493 394 1557 ad
409 1513 524 1557 muros
544 1495 671 1572 tulere;
694 1493 822 1575 ibique,
838 1513 945 1575 prope
960 1511 1071 1575 quan-

127 1600 200 1657 tum
222 1612 244 1657 a
264 1592 365 1676 jactu
388 1594 527 1674 sagittae
551 1611 675 1656 cavere
698 1601 871 1674 poterant,
895 1594 1071 1675 compagi·
1143 1640 1146 1646 .

128 1699 258 1769 natam,
280 1700 434 1757 rotarum
450 1691 668 1756 volubilitate
685 1712 783 1755 muro
797 1712 885 1774 pene
900 1693 1070 1775 conjunx·

129 1811 196 1857 ere.
248 1792 389 1856 Interea
411 1791 603 1855 funditores
625 1791 808 1874 lapidibus,
824 1791 996 1872 sagittarii
1014 1792 1071 1875 ja-

127 1892 226 1968 culis,
243 1891 462 1957 arcubalistae
474 1892 565 1967 telis,
579 1893 725 1973 quisque
738 1910 838 1954 suum
855 1885 867 1921 ²
872 1899 1071 1955 exercentes

130 1989 289 2068 officium,
299 1993 441 2067 instare,
453 1997 488 2054 et
499 1997 758 2073 propugnantes
769 1990 812 2053 de
823 2010 921 2054 muro
933 1991 1071 2054 submo-

129 2110 229 2169 vere3
255 2091 382 2155 milites
395 2110 534 2172 quoque
551 2089 678 2155 virtute
697 2090 984 2172 incomparabiles
999 2097 1072 2153 tur-

130 2190 192 2253 rim
215 2190 411 2266 ascendere,
426 2209 526 2272 aequo
545 2189 619 2272 jam
642 2209 730 2271 pene
753 2197 862 2253 marte
875 2189 954 2253 telis
972 2196 1008 2252 et
1023 2191 1072 2253 la·

130 2289 267 2371 pidibus
291 2289 327 2352 in
349 2289 467 2353 hostes
482 2296 638 2370 agentes.
691 2289 767 2353 Nec
789 2289 840 2352 illi
861 2288 956 2352 feriis
972 2308 1073 2352 vaca-

130 2390 226 2467 bant,
248 2389 320 2466 scd,
342 2408 478 2453 omnem
496 2388 618 2452 virtuti
640 2389 785 2453 salutem
809 2389 1073 2466 committentes,

131 2488 264 2571 adipem
289 2497 325 2553 et
338 2489 451 2553 oleum
466 2489 614 2570 ignitum
637 2489 672 2551 in
694 2490 817 2553 turrim
834 2496 869 2552 et
887 2489 923 2551 in
948 2489 1073 2552 milites

128 2586 316 2652 fundibalis
332 2588 591 2672 jaculabantur,
618 2588 804 2652 multorum
831 2588 998 2651 mortibus
1019 2588 1074 2649 sui

130 2688 204 2752 voti
226 2707 264 2752 se
291 2695 467 2770 compotes
495 2687 696 2769 gloriantes.
749 2687 807 2750 Ita
833 2695 907 2751 toto
931 2687 992 2750 illo
1018 2687 1074 2751 die

128 2793 310 2864 certatum,
325 2794 364 2851 ut
379 2793 503 2850 neutra
516 2804 598 2869 pars
612 2806 651 2849 se
667 2787 794 2850 victam
809 2794 959 2868 putaret.
1011 2786 1072 2850 Se·

129 2887 250 2968 quenti
272 2886 339 2963 die,
353 2887 413 2969 qui
438 2893 513 2951 erat
527 2886 823 2968 quintusdecimus
837 2886 860 2949 J
863 2887 937 2962 ulii,
951 2886 994 2949 ad
1017 2906 1075 2950 su·
1086 2901 1136 2950 sub
1147 2902 1176 2939 1⁵-

128 3004 248 3069 prema
270 2993 432 3051 ventum:
457 3004 605 3067 namque
628 2985 766 3062 Franci,
789 2984 937 3066 pridiani
963 2993 1074 3049 certa-

130 3084 368 3150 miniseventu
384 3085 600 3161 eruditiores,
615 3084 726 3148 fasces
735 3084 895 3166 oleagino
910 3104 1013 3148 succo
1024 3086 1075 3148 vi-

130 3184 229 3249 vidas
244 3185 281 3248 in
295 3185 417 3249 turrim
435 3203 534 3247 muro
548 3184 742 3265 proximam
765 3191 800 3247 et
816 3183 891 3266 ejus
916 3183 1075 3247 custodes

127 3283 298 3366 jecerunt.
349 3281 400 3348 At
426 3283 577 3360 flamma,
601 3290 705 3347 vento
738 3289 864 3364 agente
894 3284 930 3345 in
960 3302 1076 3346 comas
1128 3354 1133 3367 Ι

129 3390 258 3460 erecta,
296 3383 407 3467 primo
443 3382 551 3464 ligna,
578 3375 678 3446 ⁸mox
711 3382 844 3464 lapides
879 3382 1077 3464 corripiens,

130 3482 290 3546 custodes
313 3482 491 3564 effugavit.
553 3481 647 3560 Quin
670 3489 705 3545 et
728 3482 826 3563 tigna
839 3501 917 3563 quae
930 3482 1037 3545 Turci
1059 3502 1078 3545 e

130 3599 230 3646 muro
251 3582 403 3665 pendula
424 3582 637 3658 dimiserant,
660 3591 698 3644 ut
725 3581 858 3658 turrim,
882 3582 912 3643 si
938 3581 1079 3663 propius

130 3681 384 3758 admoveretur,
401 3681 543 3744 reducto
566 3681 643 3744 nisu
664 3680 881 3744 brachiorum
902 3679 1080 3744 arietando

130 3779 363 3862 effringerent,
381 3780 506 3844 Franci
523 3780 663 3843 funibus
683 3780 830 3842 desectis
856 3779 898 3842 ad
922 3799 959 3842 se
983 3786 1080 3841 trax·

132 3897 211 3957 ere,
234 3888 270 3945 et
287 3880 330 3943 de
345 3879 506 3943 machina
528 3880 563 3942 in
582 3899 716 3943 murum
728 3880 846 3962 jactis,
863 3879 1082 3960 cratibusque

75 4114 82 4121 .
172 4070 302 4142 Urmia]
323 4076 353 4125 C.
366 4075 400 4125 D.
416 4076 465 4135 E.;
482 4077 599 4137 penuria,
625 4077 671 4134 1..;
690 4091 819 4134 exercens,
832 4077 860 4126 S.
878 4072 946 4142 (var.
957 4069 1031 4142 lect.)

130 4142 166 4195 A.
182 4144 211 4194 S.
223 4145 255 4194 L.
660 4143 765 4208 ⁸Moa]
784 4147 816 4196 Α.
830 4147 864 4196 D.
878 4148 909 4195 Ε.
922 4147 967 4206 L.;
990 4149 1087 4207 postea,

169 4210 364 4278 ²Recreatus]
385 4214 419 4264 A.
432 4215 461 4264 S.
476 4210 505 4264 C.
518 4216 552 4264 D.
566 4216 599 4263 Ε.
627 4215 655 4264 S.
670 4218 699 4265 C.

915 4305 983 4349 21³2
