2866 4868
338 418 405 483 758
623 434 797 484 nrsronrn
820 435 998 486 novrum.
1126 423 1217 505 [nm.
1236 438 1293 486 ιιι.

180 613 316 705 afflig?
341 613 456 658 causae
481 613 502 658 a
525 595 718 668 Decembri,
736 614 805 677 quo
829 601 929 677 pater
950 594 1134 660 defunctus
1156 603 1222 675 est,
1237 615 1295 659 us-

182 715 257 754 021101
267 715 331 753 cnu-
343 714 411 777 que
427 702 507 779 post
522 714 669 778 sequens
685 694 834 772 Pascha,
850 694 887 758 in
902 695 1119 761 Normannia
1132 698 1293 762 continu·

182 765 323 856 illim
345 796 446 873 erint,
462 816 505 859 ne
521 797 639 859 statim
659 797 695 858 in
713 793 873 876 Angliam
891 798 1034 860 veniens
1052 798 1181 863 sororis
1204 796 1295 882 inju-

345 898 416 960 rias
441 896 642 960 vindicaret.
703 894 883 960 Postremo
909 899 1063 975 veniens,
1086 917 1192 981 quam
1213 918 1296 981 pru-

347 996 442 1060 denti
456 998 600 1061 consilio
617 1002 651 1059 et
668 1015 738 1077 qua
751 997 957 1078 exceptione
974 998 1019 1061 ad
1035 998 1226 1063 hominium
1241 1019 1297 1063 re·

348 1097 401 1178 gis
425 1117 462 1160 se
482 1097 712 1173 inclinaverit,
728 1102 764 1160 et
786 1115 890 1179 quam
907 1097 1004 1181 juste
1024 1098 1115 1162 idem
1136 1099 1297 1182 sequenti

349 1216 439 1261 anno
455 1204 490 1260 et
505 1196 664 1279 deinceps
682 1195 857 1281 abjecerit.

401 1296 418 1380 §
434 1298 488 1361 57.
507 1297 582 1361 Nec
596 1304 649 1361 est
666 1296 918 1380 praetermissus
934 1290 1106 1363 secundus
1124 1299 1200 1383 ejus
1216 1305 1299 1382 post

350 1404 494 1460 mortem
508 1399 618 1480 patris
635 1417 658 1461 a
673 1396 890 1461 Normannia
903 1399 940 1461 in
956 1396 1123 1481 Angliam
1139 1419 1219 1463 cum
1242 1394 1298 1464 so·¹

350 1517 428 1560 rore
444 1498 614 1562 adventus
628 1517 636 1577 3
660 1497 696 1561 in
712 1516 815 1580 quam
830 1517 868 1560 se
882 1499 972 1562 sicut
984 1499 1021 1563 in
1039 1499 1213 1582 quandam
1228 1500 1299 1582 syl·

351 1616 430 1662 vam
447 1597 664 1662 frementium
681 1599 871 1662 belluarum
886 1598 1065 1676 immersit,
1082 1600 1148 1663 Dei
1161 1599 1300 1682 quidem

352 1698 466 1779 gratia
482 1705 516 1762 et
531 1699 637 1761 animi
652 1697 860 1763 confidentia
874 1697 994 1777 fretus,
1010 1699 1071 1763 sed
1085 1700 1147 1764 vix
1162 1706 1300 1764 centum

353 1805 388 1862 et
404 1798 635 1881 quadraginta
650 1798 815 1861 militibus
831 1798 993 1882 stipatus.
1047 1799 1115 1864 Sed
1131 1820 1196 1864 nec
1213 1798 1300 1864 illud

261 1942 263 1946 -
354 1899 510 1975 tacitum,
527 1898 618 1980 quod
640 1900 676 1961 in
693 1904 792 1963 tanto
808 1905 904 1963 motu
925 1899 1105 1978 bellorum,
1128 1920 1207 1965 cum
1230 1899 1300 1964 sol·
1363 1914 1369 1927 ·

353 1999 458 2062 licitae
475 1999 602 2081 ubique
619 1999 914 2081 praetenderentur
930 2001 1099 2077 excubiae,
1120 2020 1198 2064 cum
1219 2000 1302 2064 solis

353 2098 532 2162 duodecim
548 2098 713 2161 militibus
728 2098 874 2182 impigre
891 2097 936 2162 ad
953 2099 1095 2188 Bpistou
1110 2099 1227 2180 venit3
1245 2118 1302 2163 so·

354 2218 431 2262 rore
456 2199 592 2262 interim
616 2198 709 2280 apud
731 2195 957 2262 Arundellum
979 2199 1060 2277 fida,
1080 2207 1120 2264 ut
1143 2200 1303 2282 putabat,

355 2298 513 2362 custodia
530 2299 724 2362 commissa.
777 2296 857 2376 Qua
878 2299 1061 2381 prudentia
1083 2307 1120 2365 et
1141 2306 1225 2364 tunc
1247 2318 1303 2364 so-

356 2419 467 2462 rorem
483 2417 581 2461 suam
596 2418 614 2461 e
630 2397 750 2461 mediis
765 2397 922 2462 hostibus
946 2400 990 2462 ad
1008 2419 1046 2463 se
1070 2401 1251 2484 receperit,
1268 2407 1305 2464 et

355 2499 573 2579 postmodum
605 2499 641 2560 in
674 2498 832 2562 omnibus
860 2518 922 2580 pro
951 2519 1053 2582 posse
1084 2501 1304 2583 provexerit3

356 2617 491 2680 semper
512 2600 604 2663 eirca
627 2617 702 2661 eam
727 2606 965 2676 conversatus
991 2600 1099 2683 ipsius
1124 2599 1306 2665 commoda

357 2717 556 2780 procurem,
588 2717 650 2760 sua
675 2704 898 2780 postponens
934 2718 1012 2762 cum
1045 2690 1186 2783 quidam
1219 2701 1306 2764 abu·

357 2804 471 2861 tentes
494 2801 570 2882 ejus
590 2798 746 2861 absentia
771 2805 881 2862 terras
904 2799 1013 2881 ipsius
1039 2800 1191 2883 undique
1206 2800 1306 2864 velli-

358 2905 488 2961 carent.
540 2896 597 2962 Ad
620 2904 842 2980 postremum,
863 2918 933 2981 qua
952 2901 1158 2964 necessitate
1176 2899 1306 2965 adduc-

358 3006 427 3075 tus,
442 3005 481 3061 ut
496 3017 660 3079 generum
677 3017 790 3075 suum,
805 3017 907 3081 quem
922 3019 984 3062 rex
998 2998 1197 3078 incluserat,
1215 3000 1307 3083 peri·

359 3099 437 3161 culo
460 3100 639 3174 eximeret,
662 3097 753 3161 bello
779 3099 878 3178 gravi
903 3117 940 3162 se
964 3099 1097 3163 dederit
1121 3118 1308 3182 regemque

360 3197 499 3281 ceperit.
552 3198 620 3261 Sed
644 3204 716 3260 tam
739 3197 872 3261 felicem
897 3206 1058 3264 eventum
1082 3200 1198 3283 captio
1214 3193 1307 3284 ¹ejus

360 3298 451 3380 apud
466 3297 694 3374 Wintoniam,
708 3298 796 3361 utin
811 3299 999 3379 superioris
1013 3299 1093 3363 anni
1106 3300 1216 3386 gestis
1228 3319 1307 3382 per-

360 3399 497 3475 strinxi,
524 3398 627 3479 paulo
656 3398 770 3461 minus
795 3391 1003 3478 ²delinavit3
1035 3419 1234 3482 quanquam
1265 3418 1309 3463 ea

360 3498 519 3579 captione
536 3518 605 3567 non
630 3504 701 3560 tam
721 3498 952 3561 miserandum
968 3518 1072 3580 quam
1095 3499 1307 3564 laudandum

360 3616 397 3660 se
422 3598 495 3678 ipse
520 3618 581 3679 per
608 3597 675 3660 Dei
700 3599 848 3678 gratiam
874 3598 1086 3663 exhibuerit:
1116 3618 1194 3662 cum
1218 3599 1310 3662 enim

359 3697 492 3761 videret
516 3700 630 3779 regios
658 3699 800 3762 comites
822 3698 872 3761 ita
898 3699 1091 3763 obstinatos
1121 3699 1167 3763 ad
1194 3716 1311 3782 perse·

361 3797 534 3880 quendum
547 3810 587 3860 ut
604 3798 678 3859 sine
701 3817 840 3861 suorum
861 3797 1068 3863 detrimento
1088 3817 1143 3862 res
1162 3799 1311 3881 transigi

362 3898 531 3979 nequiret,
555 3914 674 3960 omnes
704 3898 827 3980 quibus
859 3899 1014 3976 timebat,
1040 3898 1312 3983 nominatimque

399 4164 407 4195 ¹
420 4161 503 4234 Eine]
521 4168 570 4224 E.;
587 4165 691 4213 omitted
709 4165 734 4212 in
747 4165 775 4215 S.
788 4165 822 4214 D.
851 4235 871 4284 S
885 4161 1055 4282 'lqleqliqnvitq
1079 4165 1129 4225 E.;
1151 4162 1318 4225 decoloravit,

363 4238 417 4287 La.
873 4270 878 4284 .
921 4271 927 4284 .
987 4269 994 4284 .
