2866 4868
355 408 420 472 414
576 423 690 472 cesus
714 423 840 471 nncun
864 423 1075 472 nnceonuu.
1151 408 1311 492 [meru.

196 602 251 642 en.
264 603 318 642 noea.
356 589 396 646 ut
410 581 465 647 vel
488 601 596 664 regno
617 581 804 646 secundum
828 579 1044 646 conditiones
1060 581 1307 662 descenderet,

198 1803 269 1842 Battle
278 1803 302 1842 ol

197 1854 306 1903 Hastings,

197 1905 243 1944 Oct.
256 1906 285 1944 14.

357 681 413 747 vel
435 683 564 747 subeo
586 689 793 765 regnaturus
817 689 971 761 teneret3
993 682 1050 747 vel
1076 690 1182 761 certe,
1205 702 1307 766 spec·

357 790 454 848 tante
483 789 630 866 utroque
659 783 825 857 exercitu,
849 781 966 864 gladio
991 803 1063 847 rcm
1085 784 1306 848 ventilarent

357 882 643 952 Calumniabatur
673 883 764 946 enim
788 882 984 947 Willelmus
1021 903 1178 966 regnum,
1211 884 1308 967 quod

356 1005 419 1048 rex
440 984 491 1049 illi
510 982 703 1049 Edwardus
716 991 945 1060 concesserat,
964 978 1124 1049 ¹consilio
1147 983 1309 1067 stigandi

355 1085 618 1168 archiepiscopi,
642 1091 678 1148 et
705 1083 867 1149 Godvviui
889 1091 925 1149 et
947 1084 1091 1150 Sivvardi
1118 1085 1305 1166 comitum3

357 1185 502 1270 ejusque
523 1185 605 1250 doni
626 1184 761 1249 obsides
783 1184 891 1248 lilium
911 1191 947 1250 et
968 1191 1127 1268 nepotem
1143 1183 1307 1250 Godwini

358 1286 611 1350 Normanniam
636 1285 788 1350 miserat.
840 1284 878 1349 Si
900 1284 935 1348 id
963 1305 1091 1367 negare
1116 1285 1201 1350 velit
1226 1285 1305 1350 Ha·

356 1386 486 1462 rolduS,
496 1385 629 1469 judicio
650 1404 688 1448 se
710 1386 1016 1468 sedisapostolicae
1032 1386 1087 1451 vel
1102 1385 1223 1468 praelio
1244 1406 1304 1451 ac·

356 1494 490 1551 turum:
513 1487 638 1568 quibus
657 1487 816 1550 omnibus
834 1485 922 1563 solo,
942 1486 1033 1569 quod
1052 1486 1137 1563 dixi,
1157 1487 1305 1550 nuncius

356 1586 542 1650 frustratus
566 1605 743 1669 responso,
773 1587 943 1663 discessit,
968 1587 1108 1668 suisque
1137 1585 1181 1650 ad
1205 1587 1305 1650 dimi-

358 1687 506 1752 candum
519 1687 711 1752 vivaciores
726 1687 859 1749 animos
872 1686 977 1754 dedit.

409 1788 427 1871 §
451 1787 527 1853 241.
557 1787 682 1869 Itaque
704 1787 865 1868 utrinque
890 1787 1035 1850 animosi
1059 1786 1163 1850 duces
1186 1786 1305 1870 dispo·

357 1895 445 1953 nunt
457 1890 561 1966 acieS,
576 1888 689 1971 patrio
706 1887 852 1969 quisque
866 1886 956 1953 ritu:
980 1884 1101 1969 Angli,
1116 1893 1157 1951 ut
1170 1888 1306 1970 accepi·

355 2008 445 2067 mus,
462 1996 572 2053 totam
595 1994 730 2052 noctem
752 1988 942 2053 insomnem
966 1988 1125 2052 cantibus
1149 1987 1306 2072 potibus·

356 2110 423 2172 que
448 2090 625 2166 ducentes,
638 2107 739 2152 mane
760 2088 1001 2152 incunctanter
1015 2088 1052 2151 in
1068 2087 1203 2153 hostem
1224 2109 1305 2171 pro·

356 2190 501 2254 cedunt:
525 2189 658 2272 pedites
673 2208 791 2253 omnes
811 2208 889 2252 cum
910 2189 1129 2271 bipennibus,
1146 2195 1308 2253 conserta

357 2296 439 2356 ante
462 2309 499 2353 se
520 2296 695 2353 scutorum
721 2289 904 2366 testudine,
926 2289 1221 2371 impenetrabilem
1243 2308 1305 2353 cu-

357 2410 459 2453 neum
483 2389 633 2467 faciunt3
661 2389 752 2472 quod
771 2389 925 2472 profecto
950 2389 1019 2452 illis
1035 2383 1095 2454 ²ea
1116 2389 1173 2453 die
1197 2389 1305 2453 saluti

356 2490 491 2568 fuisset,
514 2490 581 2555 nisi
608 2490 802 2554 Normanni
833 2489 997 2553 simulata
1016 2489 1100 2572 fuga
1124 2509 1217 2554 more
1240 2509 1306 2554 suo

287 2682 288 2685 Ἴ
356 2590 528 2662 consertos
550 2591 743 2674 manipulos
766 2590 955 2655 laxassent.
1003 2589 1084 2654 Rex
1103 2591 1177 2673 ipse
1199 2589 1306 2673 pedes

392 2822 401 2856 ¹
425 2824 534 2873 canutio
554 2824 674 2886 Stigundi
700 2822 817 2887 urchiepi·
845 2824 945 2886 tiaqua
961 2828 1126 2873 consueverat
1139 2822 1307 2885 prohibitores

356 2895 431 2959 scopi,
457 2900 482 2944 et
510 2895 627 2944 Godwini
653 2900 678 2943 et
709 2895 819 2944 Sircordi
844 2907 877 2942 ex
899 2899 970 2956 parte
998 2894 1131 2955 apostolici
1155 2894 1305 2944 subornans.

356 2965 490 3028 crinitum]
509 2966 585 3014 ‘This
597 2966 619 3014 is
630 2965 694 3014 from
705 2966 747 3015 W.
760 2965 819 3013 Pic-
844 2963 901 3013 Nec
918 2964 996 3012 multo
1013 2969 1071 3026 post
1086 2964 1112 3011 in
1124 2963 1307 3013 Normanniam

356 3035 487 3094 taviensis,
509 3034 566 3083 who
593 3040 653 3096 puts
680 3037 701 3084 it
726 3036 752 3090 in
776 3035 818 3084 the
843 3035 975 3096 navigans,
992 3035 1039 3082 sub
1057 3033 1179 3082 velamine
1195 3034 1307 3097 honoris,

357 3106 444 3154 mouth
459 3104 489 3153 ol
500 3092 543 3153 the
555 3104 716 3166 Conquerar:
733 3107 780 3154 but
799 3107 819 3154 it
842 3104 915 3152 illum
936 3105 1084 3153 renitentem
1105 3118 1191 3153 secum
1213 3104 1306 3165 traxit3

357 3177 381 3226 is
403 3176 531 3236 evidently
553 3174 626 3238 false,
648 3174 686 3222 for
709 3174 819 3224 Godvvin
843 3188 874 3223 ne
886 3175 947 3235 quid
959 3175 1082 3236 perfidias,
1093 3189 1120 3223 se
1137 3175 1249 3236 absente,
1260 3189 1307 3236 per

358 3247 418 3295 died
440 3246 510 3295 A.D.
530 3248 605 3306 1053,
627 3245 725 3294 Sivvard
748 3245 819 3295 A.D.
843 3246 899 3306 ejus
911 3245 1085 3294 auctoritatem
1102 3245 1128 3292 in
1139 3244 1234 3307 Anglia
1248 3244 1307 3306 pul·

360 3321 440 3378 1054;
456 3317 507 3365 and
524 3316 550 3363 in
569 3318 634 3364 1054
644 3330 684 3364 we
702 3315 754 3364 find
766 3317 819 3363 Ed·
842 3314 944 3365 lularet.
970 3316 1109 3376 Interque
1120 3315 1222 3364 difficile
1233 3314 1305 3364 dictu

358 3387 431 3437 ward
448 3388 491 3436 the
503 3386 638 3436 consessor
656 3387 762 3447 sending
781 3386 819 3435 lor
843 3385 1308 3449 est,quantiseumexceperitofficiis,

358 3457 398 3506 his
405 3457 578 3518 nephewfrom
584 3457 710 3518 Hungary
715 3462 740 3505 to
745 3457 819 3505 make
843 3455 978 3518 dignanter
988 3456 1083 3516 ubique
1093 3456 1204 3504 locorum
1221 3469 1307 3504 assur·

358 3527 410 3575 him
427 3527 467 3575 his
483 3519 614 3579 successor
635 3527 662 3574 in
686 3527 729 3575 the
746 3527 820 3588 king·
844 3525 936 3587 gendo,
946 3530 972 3574 et
982 3530 1068 3574 contra
1079 3541 1138 3574 eum
1153 3527 1179 3574 in
1189 3525 1307 3576 omnibus

358 3599 427 3658 dom,
437 3597 495 3644 who
514 3596 676 3657 accordingly
688 3597 782 3645 arrives
793 3597 819 3644 in
844 3596 1033 3657 episcopatibus
1045 3596 1208 3645 Normanniae
1224 3601 1250 3645 et
1260 3597 1306 3645 ab·

360 3671 434 3729 1⁰5⁷,
450 3666 500 3715 and
521 3666 577 3715 dies
596 3666 688 3714 almost
707 3667 820 3715 immedi-
844 3667 920 3714 batiis
930 3667 1007 3729 longa
1017 3667 1081 3715 serie
1091 3681 1191 3728 pompae
1203 3667 1307 3727 procedi

358 3736 511 3798 atelyafter.
548 3736 590 3784 He
601 3735 677 3784 could
687 3736 819 3786 notthere·
844 3736 969 3786 faciendo.
1016 3737 1067 3802 Sed
1089 3737 1152 3798 quid
1173 3737 1214 3786 his
1235 3742 1305 3800 tege·

359 3807 412 3856 lore
423 3807 488 3855 have
498 3805 572 3854 made
580 3806 623 3855 the
631 3806 820 3867 settlementas
845 3808 919 3856 batur
944 3807 1080 3856 involucris
1102 3809 1186 3868 erupit
1208 3808 1234 3855 in
1253 3809 1307 3858 cla·

359 3877 419 3926 here
441 3877 572 3926 asserted!
604 3872 725 3942 (Sharpe,
747 3873 819 3943 316.)
844 3893 917 3938 rum,
933 3877 1032 3927 scilicet
1047 3893 1105 3926 cum
1120 3877 1252 3938 depositus
1267 3881 1308 3927 est

358 3949 367 3976 ‘
386 3948 524 4010 stigandus
558 3960 687 4008 nunqnam
714 3947 819 4009 pallium
845 3948 992 4011 stigandus,
1004 3949 1078 3997 fidem
1086 3948 1208 3997 Willelmi
1219 3947 1307 4009 appel·

357 4034 375 4068 a
404 4019 484 4066 Romu
511 4017 611 4077 meruit,
643 4019 759 4078 quamvis
795 4023 820 4066 et
844 4018 919 4068 lans!
935 4017 989 4084 (Ex
1006 4019 1093 4070 Gestis
1113 4017 1209 4068 Pontis.
1227 4019 1307 4082 Angl.

358 4089 396 4137 ibi
417 4088 540 4147 venalitas
558 4087 665 4136 multum
693 4094 819 4150 operetur.
845 4103 871 4149 p.
884 4093 932 4137 110
942 4086 981 4153 b.)

360 4195 366 4208 .
380 4193 387 4210 .
401 4152 623 4221 .Coronam'regni
634 4159 666 4207 de
677 4175 753 4209 manu
764 4160 820 4221 ejus

358 4245 403 4278 rex
426 4229 574 4280 detrectavit
595 4229 736 4293 suscipere,
751 4234 819 4279 astu-
879 4226 961 4292 ilic]
973 4228 1006 4279 A.
1019 4229 1047 4279 S.
1059 4231 1091 4281 E.
1100 4230 1132 4280 L.
1139 4245 1148 4292 ς
1165 4229 1220 4292 illa,
1233 4230 1264 4279 G.
1271 4229 1306 4278 D.
