2866 4868
339 387 405 452 720
627 406 800 457 uisronrn
823 409 999 457 uovnbna.
1149 394 1236 477 [mn.
1253 408 1292 456 11.

180 579 313 670 gpfflsper
341 565 403 644 siae
424 566 699 649 possessionibus
721 565 793 630 suis
817 565 1060 647 spoliarentur.
1102 565 1176 630 Sibi
1197 565 1292 648 regis

314 658 319 670 '
341 674 463 730 contra
478 666 544 731 Dei
561 666 673 748 legem
693 684 873 730 excessum
895 672 994 730 tanto
1011 665 1122 730 dolori
1141 685 1230 744 esse,
1251 671 1293 729 ut

342 767 462 831 mallet
488 786 526 830 se
552 766 662 832 multo
686 765 865 850 dispendio
884 772 920 830 et
943 767 1097 849 corporis
1121 773 1157 830 et
1176 785 1292 831 rerum

342 886 481 930 suarum
516 865 617 945 affici,
653 885 758 950 quam
789 864 1019 950 episcopalem
1050 867 1291 931 celsitudinem

341 973 443 1032 tanta
468 967 675 1048 indignitate
697 965 809 1051 dejici.
862 964 1084 1043 Quinetiam
1108 985 1226 1050 regem
1250 966 1293 1030 da

343 1066 581 1131 emendatione
614 1067 749 1150 peccati
779 1064 980 1130 multotiens
1005 1060 1292 1148 ¹commonitum3

343 1161 544 1250 ²postremo
580 1166 717 1231 concilii
753 1166 971 1231 vocationem
1008 1186 1078 1230 non
1114 1167 1292 1232 abnuisse.

344 1266 495 1331 Proinde
516 1266 795 1350 archiepiscopus
816 1273 852 1330 et
871 1267 991 1330 caeteri
1013 1266 1235 1331 consulerent
1256 1268 1293 1332 in

344 1367 492 1431 medium
507 1367 590 1449 quid
603 1385 692 1450 opus
708 1364 922 1431 essetfacto:
938 1386 976 1431 se
989 1366 1033 1430 ad
1050 1366 1292 1432 executionem

344 1467 478 1532 consilii
505 1487 568 1531 nec
588 1486 651 1551 pro
675 1466 779 1550 regis,
801 1467 861 1549 qui
881 1467 947 1531 sibi
972 1467 1080 1531 frater
1100 1474 1188 1546 erat,
1204 1468 1291 1532 ami-

343 1568 437 1646 citia,
449 1587 512 1632 nec
527 1588 590 1650 pro
604 1568 729 1632 damno
742 1567 1010 1651 possessionum,
1025 1585 1089 1631 nec
1106 1568 1213 1633 etiam
1227 1588 1292 1652 pro

343 1668 467 1751 capitis
479 1668 644 1751 periculo,
660 1667 881 1734 defuturum!

395 1768 413 1853 §
429 1769 483 1834 23.
502 1768 596 1833 Dum
613 1767 688 1832 haec
703 1768 761 1833 ille
775 1769 903 1832 sensim
917 1788 979 1850 per
989 1768 1292 1852 amplificationem

344 1870 501 1952 exponit,
517 1889 591 1947 rex,
607 1888 722 1932 causae
748 1887 820 1932 suae
843 1888 912 1932 non
927 1867 1071 1947 diffisus,
1089 1870 1234 1935 comites
1256 1871 1292 1935 in

344 1970 525 2034 concilium
540 1968 645 2048 misit,
656 1987 815 2052 quaerens
826 1987 888 2032 cur
902 1975 1049 2035 vocatus
1066 1976 1170 2034 esset.
1222 1972 1291 2036 Re·

343 2089 509 2152 sponsum
532 2076 587 2134 est
610 2089 632 2133 a
655 2069 773 2151 legato
797 2089 842 2133 ex
856 2069 1080 2153 compendio:
1105 2069 1211 2135 ‘Non
1233 2071 1291 2136 de-

343 2171 424 2234 bere
447 2169 557 2248 illum,
574 2170 634 2251 qui
655 2188 693 2234 se
709 2169 838 2235 Christi
855 2168 935 2233 fidei
958 2169 1152 2254 subjectum
1174 2171 1293 2236 memi-

344 2271 463 2348 nisset,
485 2270 659 2352 indignari
682 2271 713 2334 si
737 2289 759 2333 a
779 2269 946 2334 ministris
964 2268 1094 2334 Christi
1121 2269 1165 2334 ad
1188 2272 1291 2335 satis·

344 2370 529 2434 factionem
554 2378 700 2435 vocatus
726 2377 830 2447 esset,
864 2370 954 2434 tanti
985 2377 1101 2435 reatus
1132 2371 1292 2436 conscius

345 2478 512 2552 quantum
531 2478 651 2535 nostra
665 2470 782 2536 secula
797 2489 967 2552 nusquam
984 2469 1162 2535 vidissent.
1197 2469 1293 2536 Gen-

345 2570 456 2634 tilium
475 2571 602 2655 quippe
617 2571 808 2635 seculorum
827 2590 915 2654 opus
931 2577 1024 2635 esset
1039 2570 1220 2654 episcopos
1239 2572 1292 2636 in·

345 2690 533 2749 carcerare,
556 2678 591 2736 et
606 2670 881 2754 possessionibus
906 2670 978 2735 suis
998 2690 1136 2735 exuere.
1188 2671 1293 2736 Dice·

346 2779 423 2834 rent
451 2791 533 2853 ergo
555 2770 667 2848 fratri,
689 2770 781 2855 quod
804 2771 834 2834 si
859 2770 1002 2835 consilio
1029 2790 1093 2834 suo
1118 2770 1294 2854 placidum

346 2871 563 2935 commodare
590 2871 793 2954 dignaretur
821 2890 1012 2948 assensum,
1041 2871 1112 2936 tale
1139 2871 1191 2935 illi
1215 2871 1293 2938 Deo

345 2978 486 3035 auctore
502 2970 696 3054 largiretur,
719 2971 775 3035 cui
797 2991 861 3036 nec
880 2970 1025 3035 ecclesia
1043 2970 1216 3050 Romana,
1230 2992 1294 3037 nec

345 3071 441 3134 curia
465 3071 556 3152 regis
573 3071 742 3149 Franciae,
765 3091 830 3137 nec
850 3072 924 3154 ipse
949 3090 1065 3136 comes
1079 3071 1295 3137 Thetbaldus

345 3170 452 3235 srater
477 3173 653 3235 amborum
678 3170 834 3259 (sapiens
856 3172 1011 3254 profecto
1024 3173 1077 3236 vir
1101 3179 1136 3237 et
1157 3172 1293 3256 religio·

345 3267 424 3356 sus)
439 3291 483 3336 ex
500 3271 634 3336 ratione
660 3272 832 3336 contraire
853 3279 983 3354 posset,
997 3272 1058 3337 sed
1081 3272 1171 3356 quod
1199 3273 1296 3340 l'avo-

346 3371 500 3435 rabiliter
525 3371 708 3455 complecti
730 3371 905 3437 deberent.
958 3370 1126 3438 Consulto
1150 3392 1235 3440 vero
1260 3375 1296 3438 in

345 3472 608 3554 praesentiarum
631 3493 693 3537 rex
716 3472 857 3551 faceret,
882 3473 913 3536 si
938 3472 995 3537 vel
1018 3474 1187 3538 rationem
1209 3474 1293 3540 facti

346 3572 399 3635 sui
427 3571 597 3650 redderet,
630 3572 687 3638 vel
720 3574 922 3637 canonicum
949 3572 1120 3656 judicium
1150 3574 1293 3640 subiret.

346 3671 401 3736 Ex
420 3673 536 3737 debito
553 3673 657 3737 etiam
670 3680 829 3756 oportere
851 3679 890 3736 ut
906 3673 1060 3737 ecclesiae
1075 3673 1220 3752 faveret,
1236 3694 1296 3740 cu-

340 3772 400 3855 jus
417 3774 494 3836 sinu
511 3780 690 3855 exceptus,
711 3793 780 3838 non
795 3792 900 3837 manu
922 3774 1082 3851 militum,
1099 3774 1136 3837 in
1151 3793 1296 3858 regnum

345 3879 524 3953 promotus
550 3872 697 3937 fuisset!
748 3868 855 3938 ³Cum
871 3873 964 3939 dicto
982 3873 1126 3939 comites
1154 3877 1297 3957 egressi,

380 4077 387 4107 ¹
402 4081 597 4145 commonitum]
621 4083 653 4132 Ε.
665 4083 740 4143 L2.;
763 4083 808 4132 ad·

343 4152 475 4211 monitum,
486 4150 514 4199 S,
527 4152 561 4200 D.
867 4153 877 4182 ³
891 4157 975 4220 Cura]
1002 4158 1052 4219 E.;
1070 4158 1112 4207 Sic
1132 4172 1200 4221 cum,
1221 4159 1250 4210 S.
1263 4160 1298 4212 D.

344 4292 364 4340 S
378 4217 542 4340 θέοῗνῖθηιοᾷ
552 4223 583 4270 Ε.
590 4227 807 4286 ;ροεῐι·θιηοῐυηε,
833 4226 886 4275 La.
