<?xml version="1.0" encoding="UTF-8"?>
<!DOCTYPE html PUBLIC "-//W3C//DTD XHTML 1.0 Transitional//EN"
    "http://www.w3.org/TR/xhtml1/DTD/xhtml1-transitional.dtd">
<html xmlns="http://www.w3.org/1999/xhtml" xml:lang="en" lang="en">
 <head>
  <title>
</title>
<meta http-equiv="Content-Type" content="text/html;charset=utf-8" />
  <meta name='ocr-system' content='tesseract 3.04.00' />
  <meta name='ocr-capabilities' content='ocr_page ocr_carea ocr_par ocr_line ocrx_word'/>
</head>
<body>
  <div class='ocr_page' id='page_1' title='image "./gestaregumanglo00willgoog_0028.png"; bbox 0 0 2866 4868; ppageno 0'>
   <div class='ocr_carea' id='block_1_1' title="bbox 187 387 1137 477">
    <p class='ocr_par' dir='ltr' id='par_1_1' title="bbox 187 387 1137 477">
     <span class='ocr_line' id='line_1_1' title="bbox 187 387 1137 477; baseline 0 -17"><span class='ocrx_word' id='word_1_1' title='bbox 187 412 255 462; x_wconf 85' lang='lat' dir='ltr'><strong>niu.</strong></span> <span class='ocrx_word' id='word_1_2' title='bbox 274 396 344 477; x_wconf 81' lang='grc'><strong>111]</strong></span> <span class='ocrx_word' id='word_1_3' title='bbox 411 411 525 460; x_wconf 76' lang='lat' dir='ltr'><strong>onsrn</strong></span> <span class='ocrx_word' id='word_1_4' title='bbox 550 410 677 459; x_wconf 84' lang='lat' dir='ltr'><strong>nrouu</strong></span> <span class='ocrx_word' id='word_1_5' title='bbox 703 409 916 459; x_wconf 78' lang='lat' dir='ltr'><strong>runnonuu.</strong></span> <span class='ocrx_word' id='word_1_6' title='bbox 1070 387 1137 460; x_wconf 78' lang='lat'><strong>405</strong></span> 
     </span>
    </p>
   </div>
   <div class='ocr_carea' id='block_1_2' title="bbox 185 563 1216 1153">
    <p class='ocr_par' dir='ltr' id='par_1_2' title="bbox 185 563 1216 1153">
     <span class='ocr_line' id='line_1_2' title="bbox 187 563 1136 648; baseline 0.001 -14"><span class='ocrx_word' id='word_1_7' title='bbox 187 590 262 634; x_wconf 90' lang='lat' dir='ltr'><strong>earn</strong></span> <span class='ocrx_word' id='word_1_8' title='bbox 292 570 445 634; x_wconf 89' lang='lat' dir='ltr'><strong>Karolus</strong></span> <span class='ocrx_word' id='word_1_9' title='bbox 468 569 609 633; x_wconf 89' lang='lat' dir='ltr'><strong>Rolloni</strong></span> <span class='ocrx_word' id='word_1_10' title='bbox 636 589 713 633; x_wconf 92' lang='lat' dir='ltr'><strong>cum</strong></span> <span class='ocrx_word' id='word_1_11' title='bbox 744 563 830 634; x_wconf 89' lang='lat' dir='ltr'><strong>¹filia</strong></span> <span class='ocrx_word' id='word_1_12' title='bbox 855 567 956 633; x_wconf 88' lang='lat' dir='ltr'><strong>Gisla</strong></span> <span class='ocrx_word' id='word_1_13' title='bbox 983 565 1136 648; x_wconf 84' lang='lat' dir='ltr'><strong>dederat,</strong></span> 
     </span>
     <span class='ocr_line' id='line_1_3' title="bbox 185 667 1216 753; baseline 0 -19"><span class='ocrx_word' id='word_1_14' title='bbox 185 672 281 734; x_wconf 90' lang='lat' dir='ltr'><strong>brevi</strong></span> <span class='ocrx_word' id='word_1_15' title='bbox 306 671 417 734; x_wconf 92' lang='lat' dir='ltr'><strong>effecit</strong></span> <span class='ocrx_word' id='word_1_16' title='bbox 434 678 491 747; x_wconf 85' lang='lat' dir='ltr'><strong>ut,</strong></span> <span class='ocrx_word' id='word_1_17' title='bbox 518 670 609 734; x_wconf 89' lang='lat' dir='ltr'><strong>ultro</strong></span> <span class='ocrx_word' id='word_1_18' title='bbox 626 667 761 733; x_wconf 80' lang='lat' dir='ltr'>Alanus</span> <span class='ocrx_word' id='word_1_19' title='bbox 781 671 979 746; x_wconf 70' lang='lat' dir='ltr'><strong>adveniens</strong></span> <span class='ocrx_word' id='word_1_20' title='bbox 1002 670 1135 753; x_wconf 84' lang='lat' dir='ltr'><strong>suppli·</strong></span> <span class='ocrx_word' id='word_1_21' title='bbox 1214 709 1216 713; x_wconf 54' lang='lat'>&lt;</span> 
     </span>
     <span class='ocr_line' id='line_1_4' title="bbox 187 768 1136 852; baseline 0.001 -18"><span class='ocrx_word' id='word_1_22' title='bbox 187 772 272 834; x_wconf 90' lang='lat' dir='ltr'><strong>citer</strong></span> <span class='ocrx_word' id='word_1_23' title='bbox 287 791 324 834; x_wconf 93' lang='lat' dir='ltr'><strong>se</strong></span> <span class='ocrx_word' id='word_1_24' title='bbox 339 791 470 852; x_wconf 91' lang='lat' dir='ltr'><strong>suaque</strong></span> <span class='ocrx_word' id='word_1_25' title='bbox 484 769 634 834; x_wconf 86' lang='lat' dir='ltr'><strong>dederet.</strong></span> <span class='ocrx_word' id='word_1_26' title='bbox 685 770 765 846; x_wconf 90' lang='lat' dir='ltr'><strong>Sed,</strong></span> <span class='ocrx_word' id='word_1_27' title='bbox 780 771 863 852; x_wconf 94' lang='lat' dir='ltr'><strong>quia</strong></span> <span class='ocrx_word' id='word_1_28' title='bbox 878 771 920 833; x_wconf 89' lang='lat' dir='ltr'><strong>de</strong></span> <span class='ocrx_word' id='word_1_29' title='bbox 938 768 1136 835; x_wconf 75' lang='lat' dir='ltr'>Brittannia</span> 
     </span>
     <span class='ocr_line' id='line_1_5' title="bbox 186 870 1134 953; baseline 0.001 -20"><span class='ocrx_word' id='word_1_30' title='bbox 186 890 308 953; x_wconf 84' lang='lat' dir='ltr'><strong>parurn</strong></span> <span class='ocrx_word' id='word_1_31' title='bbox 334 871 421 934; x_wconf 88' lang='lat' dir='ltr'><strong>alias</strong></span> <span class='ocrx_word' id='word_1_32' title='bbox 449 871 602 935; x_wconf 90' lang='lat' dir='ltr'><strong>dicturus</strong></span> <span class='ocrx_word' id='word_1_33' title='bbox 630 890 718 948; x_wconf 90' lang='lat' dir='ltr'><strong>sum,</strong></span> <span class='ocrx_word' id='word_1_34' title='bbox 746 871 800 934; x_wconf 90' lang='lat' dir='ltr'><strong>hic</strong></span> <span class='ocrx_word' id='word_1_35' title='bbox 828 870 1001 952; x_wconf 86' lang='lat' dir='ltr'><strong>quoddam</strong></span> <span class='ocrx_word' id='word_1_36' title='bbox 1031 872 1134 934; x_wconf 92' lang='lat' dir='ltr'><strong>mira·</strong></span> 
     </span>
     <span class='ocr_line' id='line_1_6' title="bbox 186 970 1136 1053; baseline 0.002 -20"><span class='ocrx_word' id='word_1_37' title='bbox 186 972 313 1048; x_wconf 89' lang='lat' dir='ltr'><strong>culum,</strong></span> <span class='ocrx_word' id='word_1_38' title='bbox 329 970 420 1053; x_wconf 93' lang='lat' dir='ltr'><strong>quod</strong></span> <span class='ocrx_word' id='word_1_39' title='bbox 443 970 512 1034; x_wconf 90' lang='lat' dir='ltr'><strong>illis</strong></span> <span class='ocrx_word' id='word_1_40' title='bbox 536 970 642 1034; x_wconf 87' lang='lat' dir='ltr'><strong>ferme</strong></span> <span class='ocrx_word' id='word_1_41' title='bbox 664 970 783 1034; x_wconf 90' lang='lat' dir='ltr'><strong>diebus</strong></span> <span class='ocrx_word' id='word_1_42' title='bbox 805 970 841 1033; x_wconf 96' lang='lat' dir='ltr'><strong>in</strong></span> <span class='ocrx_word' id='word_1_43' title='bbox 856 970 1029 1034; x_wconf 88' lang='lat' dir='ltr'><strong>Nannetis</strong></span> <span class='ocrx_word' id='word_1_44' title='bbox 1052 971 1136 1035; x_wconf 88' lang='lat' dir='ltr'><strong>civi·</strong></span> 
     </span>
     <span class='ocr_line' id='line_1_7' title="bbox 186 1071 746 1153; baseline -0.002 -18"><span class='ocrx_word' id='word_1_45' title='bbox 186 1078 259 1135; x_wconf 88' lang='lat' dir='ltr'><strong>tate</strong></span> <span class='ocrx_word' id='word_1_46' title='bbox 274 1072 434 1152; x_wconf 87' lang='lat' dir='ltr'><strong>contigit,</strong></span> <span class='ocrx_word' id='word_1_47' title='bbox 450 1071 569 1153; x_wconf 88' lang='lat' dir='ltr'><strong>paucis</strong></span> <span class='ocrx_word' id='word_1_48' title='bbox 585 1071 746 1134; x_wconf 92' lang='lat' dir='ltr'><strong>inseram.</strong></span> 
     </span>
    </p>
   </div>
   <div class='ocr_carea' id='block_1_3' title="bbox 239 1263 1266 1459">
    <p class='ocr_par' dir='ltr' id='par_1_3' title="bbox 239 1263 1266 1459">
     <span class='ocr_line' id='line_1_8' title="bbox 386 1263 933 1313; baseline 0.005 -3"><span class='ocrx_word' id='word_1_49' title='bbox 386 1265 433 1311; x_wconf 83' lang='lat' dir='ltr'><strong>on</strong></span> <span class='ocrx_word' id='word_1_50' title='bbox 455 1264 598 1313; x_wconf 83' lang='lat' dir='ltr'><strong>nunnus</strong></span> <span class='ocrx_word' id='word_1_51' title='bbox 622 1263 786 1313; x_wconf 78' lang='lat' dir='ltr'><strong>cnnniols</strong></span> <span class='ocrx_word' id='word_1_52' title='bbox 809 1265 933 1313; x_wconf 77' lang='lat' dir='ltr'><strong>sociis</strong></span> 
     </span>
     <span class='ocr_line' id='line_1_9' title="bbox 239 1371 1266 1459; baseline 0.003 -23"><span class='ocrx_word' id='word_1_53' title='bbox 239 1371 345 1454; x_wconf 57' lang='lat'><strong>§232</strong></span> <span class='ocrx_word' id='word_1_54' title='bbox 370 1373 480 1437; x_wconf 83' lang='lat' dir='ltr'>Erant</span> <span class='ocrx_word' id='word_1_55' title='bbox 502 1373 539 1436; x_wconf 94' lang='lat' dir='ltr'><strong>in</strong></span> <span class='ocrx_word' id='word_1_56' title='bbox 554 1374 638 1437; x_wconf 92' lang='lat' dir='ltr'><strong>urbe</strong></span> <span class='ocrx_word' id='word_1_57' title='bbox 662 1374 723 1437; x_wconf 94' lang='lat' dir='ltr'><strong>illa</strong></span> <span class='ocrx_word' id='word_1_58' title='bbox 745 1375 813 1437; x_wconf 93' lang='lat' dir='ltr'><strong>duo</strong></span> <span class='ocrx_word' id='word_1_59' title='bbox 835 1375 962 1459; x_wconf 79' lang='lat' dir='ltr'><strong>cleriei,</strong></span> <span class='ocrx_word' id='word_1_60' title='bbox 985 1374 1135 1438; x_wconf 92' lang='lat' dir='ltr'><strong>nondum</strong></span> <span class='ocrx_word' id='word_1_61' title='bbox 1149 1391 1266 1440; x_wconf 61' lang='lat' dir='ltr'><strong>terendos</strong></span> 
     </span>
    </p>
   </div>
   <div class='ocr_carea' id='block_1_4' title="bbox 146 1444 1251 3757">
    <p class='ocr_par' dir='ltr' id='par_1_4' title="bbox 146 1444 1251 3757">
     <span class='ocr_line' id='line_1_10' title="bbox 187 1444 1251 1557; baseline 0.002 -21"><span class='ocrx_word' id='word_1_62' title='bbox 187 1473 398 1555; x_wconf 88' lang='lat' dir='ltr'><strong>patientibus</strong></span> <span class='ocrx_word' id='word_1_63' title='bbox 423 1474 535 1550; x_wconf 91' lang='lat' dir='ltr'><strong>annis,</strong></span> <span class='ocrx_word' id='word_1_64' title='bbox 553 1474 767 1556; x_wconf 84' lang='lat' dir='ltr'><strong>presbyteri3</strong></span> <span class='ocrx_word' id='word_1_65' title='bbox 790 1475 826 1537; x_wconf 94' lang='lat' dir='ltr'><strong>id</strong></span> <span class='ocrx_word' id='word_1_66' title='bbox 851 1474 1000 1539; x_wconf 91' lang='lat' dir='ltr'><strong>officium</strong></span> <span class='ocrx_word' id='word_1_67' title='bbox 1024 1476 1136 1557; x_wconf 88' lang='lat' dir='ltr'><strong>magis</strong></span> <span class='ocrx_word' id='word_1_68' title='bbox 1149 1444 1251 1531; x_wconf 60' lang='lat' dir='ltr'><strong>{lillis</strong></span> 
     </span>
     <span class='ocr_line' id='line_1_11' title="bbox 187 1544 1238 1657; baseline 0.004 -22"><span class='ocrx_word' id='word_1_69' title='bbox 187 1573 342 1656; x_wconf 90' lang='lat' dir='ltr'><strong>precario</strong></span> <span class='ocrx_word' id='word_1_70' title='bbox 371 1593 474 1656; x_wconf 90' lang='lat' dir='ltr'><strong>quarn</strong></span> <span class='ocrx_word' id='word_1_71' title='bbox 506 1576 608 1639; x_wconf 91' lang='lat' dir='ltr'><strong>bonae</strong></span> <span class='ocrx_word' id='word_1_72' title='bbox 636 1576 718 1639; x_wconf 89' lang='lat' dir='ltr'><strong>vitae</strong></span> <span class='ocrx_word' id='word_1_73' title='bbox 751 1576 874 1638; x_wconf 90' lang='lat' dir='ltr'><strong>merito</strong></span> <span class='ocrx_word' id='word_1_74' title='bbox 905 1576 948 1638; x_wconf 92' lang='lat' dir='ltr'><strong>ab</strong></span> <span class='ocrx_word' id='word_1_75' title='bbox 976 1576 1137 1657; x_wconf 91' lang='lat' dir='ltr'><strong>episcopo</strong></span> <span class='ocrx_word' id='word_1_76' title='bbox 1151 1544 1238 1582; x_wconf 50' lang='lat' dir='ltr'><strong>Nm</strong></span> 
     </span>
     <span class='ocr_line' id='line_1_12' title="bbox 187 1673 1136 1756; baseline 0.002 -20"><span class='ocrx_word' id='word_1_77' title='bbox 187 1673 254 1738; x_wconf 90' lang='lat' dir='ltr'><strong>loci</strong></span> <span class='ocrx_word' id='word_1_78' title='bbox 271 1681 479 1756; x_wconf 84' lang='lat' dir='ltr'><strong>exegerant:</strong></span> <span class='ocrx_word' id='word_1_79' title='bbox 504 1675 651 1756; x_wconf 91' lang='lat' dir='ltr'><strong>denique</strong></span> <span class='ocrx_word' id='word_1_80' title='bbox 674 1674 817 1738; x_wconf 92' lang='lat' dir='ltr'><strong>alterius</strong></span> <span class='ocrx_word' id='word_1_81' title='bbox 840 1675 1056 1739; x_wconf 91' lang='lat' dir='ltr'><strong>miserandus</strong></span> <span class='ocrx_word' id='word_1_82' title='bbox 1074 1695 1136 1738; x_wconf 87' lang='lat' dir='ltr'><strong>ex-</strong></span> 
     </span>
     <span class='ocr_line' id='line_1_13' title="bbox 187 1774 1137 1856; baseline 0.003 -20"><span class='ocrx_word' id='word_1_83' title='bbox 187 1774 258 1838; x_wconf 91' lang='lat' dir='ltr'><strong>itus</strong></span> <span class='ocrx_word' id='word_1_84' title='bbox 280 1775 500 1856; x_wconf 84' lang='lat' dir='ltr'><strong>superstitem</strong></span> <span class='ocrx_word' id='word_1_85' title='bbox 520 1775 687 1837; x_wconf 84' lang='lat' dir='ltr'>instruxit</span> <span class='ocrx_word' id='word_1_86' title='bbox 703 1795 807 1856; x_wconf 90' lang='lat' dir='ltr'><strong>quam</strong></span> <span class='ocrx_word' id='word_1_87' title='bbox 829 1774 957 1838; x_wconf 89' lang='lat' dir='ltr'><strong>fuerint</strong></span> <span class='ocrx_word' id='word_1_88' title='bbox 974 1783 1079 1838; x_wconf 92' lang='lat' dir='ltr'><strong>antea</strong></span> <span class='ocrx_word' id='word_1_89' title='bbox 1100 1776 1137 1839; x_wconf 94' lang='lat' dir='ltr'><strong>in</strong></span> 
     </span>
     <span class='ocr_line' id='line_1_14' title="bbox 187 1873 1137 1957; baseline 0.004 -21"><span class='ocrx_word' id='word_1_90' title='bbox 187 1873 312 1938; x_wconf 89' lang='lat' dir='ltr'><strong>inferni</strong></span> <span class='ocrx_word' id='word_1_91' title='bbox 328 1874 464 1957; x_wconf 91' lang='lat' dir='ltr'><strong>lapsum</strong></span> <span class='ocrx_word' id='word_1_92' title='bbox 481 1875 582 1938; x_wconf 91' lang='lat' dir='ltr'><strong>ambo</strong></span> <span class='ocrx_word' id='word_1_93' title='bbox 599 1875 807 1957; x_wconf 88' lang='lat' dir='ltr'><strong>praecipites.</strong></span> <span class='ocrx_word' id='word_1_94' title='bbox 841 1874 1026 1951; x_wconf 80' lang='lat' dir='ltr'><strong>Caeterum,</strong></span> <span class='ocrx_word' id='word_1_95' title='bbox 1044 1877 1137 1957; x_wconf 93' lang='lat' dir='ltr'><strong>quod</strong></span> 
     </span>
     <span class='ocr_line' id='line_1_15' title="bbox 188 1974 1137 2052; baseline 0 -14"><span class='ocrx_word' id='word_1_96' title='bbox 188 1974 232 2038; x_wconf 88' lang='lat' dir='ltr'><strong>ad</strong></span> <span class='ocrx_word' id='word_1_97' title='bbox 256 1975 434 2038; x_wconf 90' lang='lat' dir='ltr'><strong>scientiam</strong></span> <span class='ocrx_word' id='word_1_98' title='bbox 457 1974 634 2039; x_wconf 91' lang='lat' dir='ltr'><strong>literarum</strong></span> <span class='ocrx_word' id='word_1_99' title='bbox 661 1975 771 2038; x_wconf 91' lang='lat' dir='ltr'><strong>tendit</strong></span> <span class='ocrx_word' id='word_1_100' title='bbox 790 1976 841 2038; x_wconf 90' lang='lat' dir='ltr'><strong>ita</strong></span> <span class='ocrx_word' id='word_1_101' title='bbox 865 1975 990 2052; x_wconf 88' lang='lat' dir='ltr'><strong>edocti,</strong></span> <span class='ocrx_word' id='word_1_102' title='bbox 1011 1982 1051 2038; x_wconf 89' lang='lat' dir='ltr'><strong>ut</strong></span> <span class='ocrx_word' id='word_1_103' title='bbox 1077 1983 1137 2038; x_wconf 93' lang='lat' dir='ltr'><strong>aut</strong></span> 
     </span>
     <span class='ocr_line' id='line_1_16' title="bbox 188 2074 1136 2157; baseline 0.001 -20"><span class='ocrx_word' id='word_1_104' title='bbox 188 2094 310 2157; x_wconf 92' lang='lat' dir='ltr'><strong>parum</strong></span> <span class='ocrx_word' id='word_1_105' title='bbox 326 2081 387 2138; x_wconf 93' lang='lat' dir='ltr'><strong>aut</strong></span> <span class='ocrx_word' id='word_1_106' title='bbox 401 2074 485 2138; x_wconf 93' lang='lat' dir='ltr'><strong>nibil</strong></span> <span class='ocrx_word' id='word_1_107' title='bbox 498 2076 584 2157; x_wconf 92' lang='lat' dir='ltr'><strong>ipsis</strong></span> <span class='ocrx_word' id='word_1_108' title='bbox 602 2074 765 2138; x_wconf 89' lang='lat' dir='ltr'><strong>deberent</strong></span> <span class='ocrx_word' id='word_1_109' title='bbox 780 2075 911 2138; x_wconf 88' lang='lat' dir='ltr'><strong>artibus</strong></span> <span class='ocrx_word' id='word_1_110' title='bbox 925 2095 933 2153; x_wconf 92' lang='grc'>;</span> <span class='ocrx_word' id='word_1_111' title='bbox 957 2095 979 2138; x_wconf 95' lang='lat' dir='ltr'>a</span> <span class='ocrx_word' id='word_1_112' title='bbox 996 2082 1136 2156; x_wconf 92' lang='lat' dir='ltr'><strong>reptan-</strong></span> 
     </span>
     <span class='ocr_line' id='line_1_17' title="bbox 189 2172 1137 2259; baseline 0 -21"><span class='ocrx_word' id='word_1_113' title='bbox 189 2172 281 2239; x_wconf 78' lang='lat' dir='ltr'><strong>tibus</strong></span> <span class='ocrx_word' id='word_1_114' title='bbox 297 2174 453 2238; x_wconf 86' lang='lat' dir='ltr'><strong>infantiae</strong></span> <span class='ocrx_word' id='word_1_115' title='bbox 471 2175 672 2239; x_wconf 88' lang='lat' dir='ltr'><strong>rudimentis</strong></span> <span class='ocrx_word' id='word_1_116' title='bbox 697 2175 783 2238; x_wconf 93' lang='lat' dir='ltr'><strong>adeo</strong></span> <span class='ocrx_word' id='word_1_117' title='bbox 801 2175 961 2259; x_wconf 88' lang='lat' dir='ltr'><strong>jocundis</strong></span> <span class='ocrx_word' id='word_1_118' title='bbox 977 2175 1137 2238; x_wconf 86' lang='lat' dir='ltr'><strong>amicitiae</strong></span> 
     </span>
     <span class='ocr_line' id='line_1_18' title="bbox 146 2269 1138 2362; baseline 0 -24"><span class='ocrx_word' id='word_1_119' title='bbox 146 2357 149 2362; x_wconf 32' lang='lat'><em>‚</em></span> <span class='ocrx_word' id='word_1_120' title='bbox 189 2273 309 2339; x_wconf 90' lang='lat' dir='ltr'><strong>officiis</strong></span> <span class='ocrx_word' id='word_1_121' title='bbox 324 2276 452 2352; x_wconf 87' lang='lat' dir='ltr'><strong>aemuli,</strong></span> <span class='ocrx_word' id='word_1_122' title='bbox 469 2283 519 2353; x_wconf 91' lang='lat' dir='ltr'><strong>ut,</strong></span> <span class='ocrx_word' id='word_1_123' title='bbox 530 2276 637 2359; x_wconf 77' lang='lat' dir='ltr'><strong>juxta</strong></span> <span class='ocrx_word' id='word_1_124' title='bbox 645 2269 790 2338; x_wconf 87' lang='lat' dir='ltr'><strong>²Comioi</strong></span> <span class='ocrx_word' id='word_1_125' title='bbox 804 2275 944 2352; x_wconf 91' lang='lat' dir='ltr'><strong>dictum,</strong></span> <span class='ocrx_word' id='word_1_126' title='bbox 957 2274 1138 2338; x_wconf 87' lang='lat' dir='ltr'><strong>‘Manibus</strong></span> 
     </span>
     <span class='ocr_line' id='line_1_19' title="bbox 189 2375 1138 2458; baseline -0.002 -19"><span class='ocrx_word' id='word_1_127' title='bbox 189 2375 400 2458; x_wconf 90' lang='lat' dir='ltr'><strong>pedibusque</strong></span> <span class='ocrx_word' id='word_1_128' title='bbox 411 2376 587 2453; x_wconf 86' lang='lat' dir='ltr'><strong>conando,</strong></span> <span class='ocrx_word' id='word_1_129' title='bbox 602 2375 792 2457; x_wconf 89' lang='lat' dir='ltr'><strong>periculum</strong></span> <span class='ocrx_word' id='word_1_130' title='bbox 814 2375 931 2452; x_wconf 90' lang='lat' dir='ltr'><strong>etiam,</strong></span> <span class='ocrx_word' id='word_1_131' title='bbox 945 2376 975 2438; x_wconf 91' lang='lat' dir='ltr'><strong>si</strong></span> <span class='ocrx_word' id='word_1_132' title='bbox 998 2394 1138 2438; x_wconf 89' lang='lat' dir='ltr'><strong>necesse</strong></span> 
     </span>
     <span class='ocr_line' id='line_1_20' title="bbox 191 2474 1138 2559; baseline -0.002 -20"><span class='ocrx_word' id='word_1_133' title='bbox 191 2483 294 2552; x_wconf 88' lang='lat' dir='ltr'><strong>esset,</strong></span> <span class='ocrx_word' id='word_1_134' title='bbox 314 2475 438 2559; x_wconf 89' lang='lat' dir='ltr'><strong>capitis</strong></span> <span class='ocrx_word' id='word_1_135' title='bbox 464 2496 527 2558; x_wconf 93' lang='lat' dir='ltr'><strong>pro</strong></span> <span class='ocrx_word' id='word_1_136' title='bbox 546 2475 694 2539; x_wconf 90' lang='lat' dir='ltr'><strong>invicem</strong></span> <span class='ocrx_word' id='word_1_137' title='bbox 716 2475 891 2538; x_wconf 64' lang='lat' dir='ltr'><strong>facerent!</strong></span> <span class='ocrx_word' id='word_1_138' title='bbox 943 2474 1061 2555; x_wconf 85' lang='lat' dir='ltr'><strong>Quare</strong></span> <span class='ocrx_word' id='word_1_139' title='bbox 1083 2475 1138 2537; x_wconf 88' lang='lat' dir='ltr'><strong>die</strong></span> 
     </span>
     <span class='ocr_line' id='line_1_21' title="bbox 190 2569 1137 2656; baseline -0.003 -17"><span class='ocrx_word' id='word_1_140' title='bbox 190 2576 352 2656; x_wconf 88' lang='lat' dir='ltr'><strong>quadam,</strong></span> <span class='ocrx_word' id='word_1_141' title='bbox 382 2576 575 2640; x_wconf 87' lang='lat' dir='ltr'><strong>liberiorem</strong></span> <span class='ocrx_word' id='word_1_142' title='bbox 599 2569 767 2638; x_wconf 82' lang='lat' dir='ltr'><strong>³animum</strong></span> <span class='ocrx_word' id='word_1_143' title='bbox 794 2594 815 2638; x_wconf 91' lang='lat' dir='ltr'><strong>a</strong></span> <span class='ocrx_word' id='word_1_144' title='bbox 838 2575 928 2638; x_wconf 92' lang='lat' dir='ltr'><strong>curis</strong></span> <span class='ocrx_word' id='word_1_145' title='bbox 960 2575 1137 2638; x_wconf 83' lang='lat' dir='ltr'><strong>forinsecis</strong></span> 
     </span>
     <span class='ocr_line' id='line_1_22' title="bbox 192 2674 1138 2758; baseline -0.002 -19"><span class='ocrx_word' id='word_1_146' title='bbox 192 2677 297 2753; x_wconf 89' lang='lat' dir='ltr'><strong>nacti,</strong></span> <span class='ocrx_word' id='word_1_147' title='bbox 326 2677 363 2739; x_wconf 92' lang='lat' dir='ltr'><strong>in</strong></span> <span class='ocrx_word' id='word_1_148' title='bbox 386 2682 519 2740; x_wconf 88' lang='lat' dir='ltr'><strong>secreto</strong></span> <span class='ocrx_word' id='word_1_149' title='bbox 543 2675 700 2739; x_wconf 89' lang='lat' dir='ltr'><strong>conclavi</strong></span> <span class='ocrx_word' id='word_1_150' title='bbox 726 2674 923 2758; x_wconf 88' lang='lat' dir='ltr'><strong>hujusmodi</strong></span> <span class='ocrx_word' id='word_1_151' title='bbox 948 2674 1138 2738; x_wconf 90' lang='lat' dir='ltr'><strong>sententias</strong></span> 
     </span>
     <span class='ocr_line' id='line_1_23' title="bbox 190 2773 1138 2852; baseline -0.002 -14"><span class='ocrx_word' id='word_1_152' title='bbox 190 2775 327 2841; x_wconf 85' lang='lat' dir='ltr'><strong>fudere:</strong></span> <span class='ocrx_word' id='word_1_153' title='bbox 354 2773 516 2840; x_wconf 90' lang='lat' dir='ltr'><strong>Pluribus</strong></span> <span class='ocrx_word' id='word_1_154' title='bbox 533 2795 571 2839; x_wconf 92' lang='lat' dir='ltr'><strong>se</strong></span> <span class='ocrx_word' id='word_1_155' title='bbox 595 2775 695 2839; x_wconf 89' lang='lat' dir='ltr'><strong>annis</strong></span> <span class='ocrx_word' id='word_1_156' title='bbox 719 2794 811 2838; x_wconf 90' lang='lat' dir='ltr'><strong>nunc</strong></span> <span class='ocrx_word' id='word_1_157' title='bbox 832 2775 953 2852; x_wconf 90' lang='lat' dir='ltr'><strong>literis,</strong></span> <span class='ocrx_word' id='word_1_158' title='bbox 970 2794 1062 2838; x_wconf 90' lang='lat' dir='ltr'><strong>nune</strong></span> <span class='ocrx_word' id='word_1_159' title='bbox 1084 2794 1138 2836; x_wconf 87' lang='lat' dir='ltr'><strong>se-</strong></span> 
     </span>
     <span class='ocr_line' id='line_1_24' title="bbox 190 2870 1140 2956; baseline -0.002 -17"><span class='ocrx_word' id='word_1_160' title='bbox 190 2876 258 2940; x_wconf 91' lang='lat' dir='ltr'><strong>culi</strong></span> <span class='ocrx_word' id='word_1_161' title='bbox 267 2870 402 2953; x_wconf 69' lang='lat' dir='ltr'><strong>*lucris</strong></span> <span class='ocrx_word' id='word_1_162' title='bbox 416 2883 548 2940; x_wconf 89' lang='lat' dir='ltr'><strong>mentes</strong></span> <span class='ocrx_word' id='word_1_163' title='bbox 564 2874 771 2952; x_wconf 84' lang='lat' dir='ltr'><strong>exercuisse,</strong></span> <span class='ocrx_word' id='word_1_164' title='bbox 782 2894 846 2938; x_wconf 90' lang='lat' dir='ltr'><strong>nee</strong></span> <span class='ocrx_word' id='word_1_165' title='bbox 861 2875 1019 2951; x_wconf 87' lang='lat' dir='ltr'><strong>satiasse,</strong></span> <span class='ocrx_word' id='word_1_166' title='bbox 1029 2875 1140 2956; x_wconf 85' lang='lat' dir='ltr'><strong>magis</strong></span> 
     </span>
     <span class='ocr_line' id='line_1_25' title="bbox 190 2975 1141 3058; baseline -0.004 -18"><span class='ocrx_word' id='word_1_167' title='bbox 190 2977 235 3040; x_wconf 92' lang='lat' dir='ltr'><strong>ad</strong></span> <span class='ocrx_word' id='word_1_168' title='bbox 268 2976 451 3041; x_wconf 87' lang='lat' dir='ltr'><strong>distortum</strong></span> <span class='ocrx_word' id='word_1_169' title='bbox 484 2995 588 3058; x_wconf 89' lang='lat' dir='ltr'><strong>quarn</strong></span> <span class='ocrx_word' id='word_1_170' title='bbox 615 2976 659 3038; x_wconf 94' lang='lat' dir='ltr'><strong>ad</strong></span> <span class='ocrx_word' id='word_1_171' title='bbox 686 2982 818 3038; x_wconf 89' lang='lat' dir='ltr'><strong>rectum</strong></span> <span class='ocrx_word' id='word_1_172' title='bbox 846 2975 1017 3039; x_wconf 88' lang='lat' dir='ltr'><strong>intentas:</strong></span> <span class='ocrx_word' id='word_1_173' title='bbox 1050 2975 1141 3038; x_wconf 89' lang='lat' dir='ltr'><strong>inter</strong></span> 
     </span>
     <span class='ocr_line' id='line_1_26' title="bbox 191 3074 1139 3158; baseline -0.002 -18"><span class='ocrx_word' id='word_1_174' title='bbox 191 3076 392 3154; x_wconf 65' lang='lat' dir='ltr'><strong>baccillum</strong></span> <span class='ocrx_word' id='word_1_175' title='bbox 417 3078 576 3142; x_wconf 89' lang='lat' dir='ltr'><strong>acerbum</strong></span> <span class='ocrx_word' id='word_1_176' title='bbox 599 3076 688 3139; x_wconf 88' lang='lat' dir='ltr'><strong>diem</strong></span> <span class='ocrx_word' id='word_1_177' title='bbox 712 3076 840 3139; x_wconf 89' lang='lat' dir='ltr'><strong>sensim</strong></span> <span class='ocrx_word' id='word_1_178' title='bbox 862 3074 1139 3158; x_wconf 90' lang='lat' dir='ltr'><strong>appropinquare</strong></span> 
     </span>
     <span class='ocr_line' id='line_1_27' title="bbox 191 3174 1140 3260; baseline -0.005 -20"><span class='ocrx_word' id='word_1_179' title='bbox 191 3178 252 3260; x_wconf 91' lang='lat' dir='ltr'><strong>qui</strong></span> <span class='ocrx_word' id='word_1_180' title='bbox 278 3178 454 3242; x_wconf 89' lang='lat' dir='ltr'><strong>societatis</strong></span> <span class='ocrx_word' id='word_1_181' title='bbox 469 3196 542 3240; x_wconf 88' lang='lat' dir='ltr'><strong>suae</strong></span> <span class='ocrx_word' id='word_1_182' title='bbox 564 3176 802 3239; x_wconf 86' lang='lat' dir='ltr'><strong>inextricabile</strong></span> <span class='ocrx_word' id='word_1_183' title='bbox 825 3177 859 3238; x_wconf 94' lang='lat' dir='ltr'><strong>in</strong></span> <span class='ocrx_word' id='word_1_184' title='bbox 876 3176 948 3239; x_wconf 92' lang='lat' dir='ltr'><strong>vita</strong></span> <span class='ocrx_word' id='word_1_185' title='bbox 963 3174 1140 3239; x_wconf 89' lang='lat' dir='ltr'><strong>vinculum</strong></span> 
     </span>
     <span class='ocr_line' id='line_1_28' title="bbox 191 3275 1141 3359; baseline -0.004 -19"><span class='ocrx_word' id='word_1_186' title='bbox 191 3276 441 3359; x_wconf 83' lang='lat' dir='ltr'><strong>disrumperet3</strong></span> <span class='ocrx_word' id='word_1_187' title='bbox 478 3276 569 3339; x_wconf 90' lang='lat' dir='ltr'><strong>unde</strong></span> <span class='ocrx_word' id='word_1_188' title='bbox 608 3275 886 3357; x_wconf 88' lang='lat' dir='ltr'><strong>praeveniendum</strong></span> <span class='ocrx_word' id='word_1_189' title='bbox 925 3281 1071 3350; x_wconf 90' lang='lat' dir='ltr'><strong>mature,</strong></span> <span class='ocrx_word' id='word_1_190' title='bbox 1102 3280 1141 3336; x_wconf 90' lang='lat' dir='ltr'><strong>ut</strong></span> 
     </span>
     <span class='ocr_line' id='line_1_29' title="bbox 192 3375 1140 3459; baseline -0.007 -18"><span class='ocrx_word' id='word_1_191' title='bbox 192 3377 288 3455; x_wconf 79' lang='lat' dir='ltr'><strong>fideS,</strong></span> <span class='ocrx_word' id='word_1_192' title='bbox 315 3396 393 3459; x_wconf 83' lang='lat' dir='ltr'><strong>quae</strong></span> <span class='ocrx_word' id='word_1_193' title='bbox 424 3375 681 3457; x_wconf 85' lang='lat' dir='ltr'><strong>conglutinarat</strong></span> <span class='ocrx_word' id='word_1_194' title='bbox 707 3375 876 3451; x_wconf 91' lang='lat' dir='ltr'><strong>viventes,</strong></span> <span class='ocrx_word' id='word_1_195' title='bbox 901 3375 1011 3456; x_wconf 91' lang='lat' dir='ltr'><strong>primo</strong></span> <span class='ocrx_word' id='word_1_196' title='bbox 1049 3392 1140 3435; x_wconf 91' lang='lat' dir='ltr'><strong>mor-</strong></span> 
     </span>
     <span class='ocr_line' id='line_1_30' title="bbox 191 3473 1140 3553; baseline -0.006 -12"><span class='ocrx_word' id='word_1_197' title='bbox 191 3485 290 3541; x_wconf 91' lang='lat' dir='ltr'><strong>tuum</strong></span> <span class='ocrx_word' id='word_1_198' title='bbox 313 3477 535 3541; x_wconf 91' lang='lat' dir='ltr'><strong>comitaretur</strong></span> <span class='ocrx_word' id='word_1_199' title='bbox 560 3475 603 3538; x_wconf 90' lang='lat' dir='ltr'><strong>ad</strong></span> <span class='ocrx_word' id='word_1_200' title='bbox 626 3492 755 3538; x_wconf 89' lang='lat' dir='ltr'><strong>manes.</strong></span> <span class='ocrx_word' id='word_1_201' title='bbox 809 3473 1040 3538; x_wconf 89' lang='lat' dir='ltr'><strong>Paciscuntur</strong></span> <span class='ocrx_word' id='word_1_202' title='bbox 1057 3493 1140 3553; x_wconf 87' lang='lat' dir='ltr'><strong>ergo</strong></span> 
     </span>
     <span class='ocr_line' id='line_1_31' title="bbox 192 3571 1146 3659; baseline -0.006 -17"><span class='ocrx_word' id='word_1_203' title='bbox 192 3585 231 3642; x_wconf 92' lang='lat' dir='ltr'><strong>ut</strong></span> <span class='ocrx_word' id='word_1_204' title='bbox 248 3577 404 3659; x_wconf 91' lang='lat' dir='ltr'><strong>quisquis</strong></span> <span class='ocrx_word' id='word_1_205' title='bbox 420 3596 538 3641; x_wconf 90' lang='lat' dir='ltr'><strong>eorum</strong></span> <span class='ocrx_word' id='word_1_206' title='bbox 555 3581 636 3638; x_wconf 89' lang='lat' dir='ltr'><strong>ante</strong></span> <span class='ocrx_word' id='word_1_207' title='bbox 649 3575 771 3652; x_wconf 93' lang='lat' dir='ltr'><strong>obiret,</strong></span> <span class='ocrx_word' id='word_1_208' title='bbox 786 3575 976 3657; x_wconf 92' lang='lat' dir='ltr'><strong>superstiti,</strong></span> <span class='ocrx_word' id='word_1_209' title='bbox 993 3574 1045 3637; x_wconf 91' lang='lat' dir='ltr'><strong>vel</strong></span> <span class='ocrx_word' id='word_1_210' title='bbox 1061 3571 1146 3637; x_wconf 76' lang='lat' dir='ltr'><strong>dor-&#39;</strong></span> 
     </span>
     <span class='ocr_line' id='line_1_32' title="bbox 192 3673 1141 3757; baseline -0.005 -16"><span class='ocrx_word' id='word_1_211' title='bbox 192 3678 312 3742; x_wconf 88' lang='lat' dir='ltr'><strong>mienti</strong></span> <span class='ocrx_word' id='word_1_212' title='bbox 324 3677 380 3741; x_wconf 89' lang='lat' dir='ltr'><strong>vel</strong></span> <span class='ocrx_word' id='word_1_213' title='bbox 397 3676 568 3757; x_wconf 88' lang='lat' dir='ltr'><strong>vigilanti,</strong></span> <span class='ocrx_word' id='word_1_214' title='bbox 583 3683 766 3757; x_wconf 89' lang='lat' dir='ltr'><strong>appareret</strong></span> <span class='ocrx_word' id='word_1_215' title='bbox 784 3673 875 3738; x_wconf 90' lang='lat' dir='ltr'><strong>infra</strong></span> <span class='ocrx_word' id='word_1_216' title='bbox 892 3674 1037 3756; x_wconf 88' lang='lat' dir='ltr'><strong>triginta</strong></span> <span class='ocrx_word' id='word_1_217' title='bbox 1061 3693 1141 3756; x_wconf 91' lang='lat' dir='ltr'><strong>pro·</strong></span> 
     </span>
    </p>
   </div>
   <div class='ocr_carea' id='block_1_5' title="bbox 194 4008 1142 4357">
    <p class='ocr_par' dir='ltr' id='par_1_5' title="bbox 194 4008 1142 4357">
     <span class='ocr_line' id='line_1_33' title="bbox 230 4008 1142 4074; baseline -0.002 -14"><span class='ocrx_word' id='word_1_218' title='bbox 230 4008 340 4072; x_wconf 81' lang='lat' dir='ltr'><strong>¹Fllin.]</strong></span> <span class='ocrx_word' id='word_1_219' title='bbox 363 4013 392 4062; x_wconf 83' lang='lat' dir='ltr'><strong>G.</strong></span> <span class='ocrx_word' id='word_1_220' title='bbox 411 4012 446 4061; x_wconf 90' lang='lat' dir='ltr'><strong>D.</strong></span> <span class='ocrx_word' id='word_1_221' title='bbox 465 4014 513 4074; x_wconf 81' lang='lat' dir='ltr'><strong>E.;</strong></span> <span class='ocrx_word' id='word_1_222' title='bbox 530 4014 583 4062; x_wconf 86' lang='lat' dir='ltr'><strong>filia</strong></span> <span class='ocrx_word' id='word_1_223' title='bbox 600 4027 656 4074; x_wconf 87' lang='lat' dir='ltr'><strong>sua,</strong></span> <span class='ocrx_word' id='word_1_224' title='bbox 717 4011 875 4074; x_wconf 80' lang='lat' dir='ltr'><strong>³Animum.]</strong></span> <span class='ocrx_word' id='word_1_225' title='bbox 889 4011 921 4060; x_wconf 77' lang='lat' dir='ltr'><strong>A.</strong></span> <span class='ocrx_word' id='word_1_226' title='bbox 935 4012 963 4059; x_wconf 81' lang='lat' dir='ltr'><strong>S.</strong></span> <span class='ocrx_word' id='word_1_227' title='bbox 978 4013 1008 4059; x_wconf 85' lang='lat' dir='ltr'><strong>C.</strong></span> <span class='ocrx_word' id='word_1_228' title='bbox 1021 4010 1055 4058; x_wconf 90' lang='lat' dir='ltr'><strong>D.</strong></span> <span class='ocrx_word' id='word_1_229' title='bbox 1071 4011 1142 4069; x_wconf 76' lang='lat' dir='ltr'><strong>E2.;</strong></span> 
     </span>
     <span class='ocr_line' id='line_1_34' title="bbox 195 4081 888 4133; baseline -0.003 -3"><span class='ocrx_word' id='word_1_230' title='bbox 195 4081 229 4132; x_wconf 77' lang='lat' dir='ltr'><strong>A.</strong></span> <span class='ocrx_word' id='word_1_231' title='bbox 242 4083 270 4132; x_wconf 85' lang='lat' dir='ltr'><strong>S.</strong></span> <span class='ocrx_word' id='word_1_232' title='bbox 282 4081 314 4133; x_wconf 87' lang='lat' dir='ltr'><strong>L.</strong></span> <span class='ocrx_word' id='word_1_233' title='bbox 681 4082 786 4130; x_wconf 89' lang='lat' dir='ltr'><strong>omitted</strong></span> <span class='ocrx_word' id='word_1_234' title='bbox 797 4083 822 4128; x_wconf 94' lang='lat' dir='ltr'><strong>in</strong></span> <span class='ocrx_word' id='word_1_235' title='bbox 836 4083 888 4129; x_wconf 83' lang='lat' dir='ltr'><strong>El.</strong></span> 
     </span>
     <span class='ocr_line' id='line_1_35' title="bbox 229 4148 1142 4214; baseline -0.007 -12"><span class='ocrx_word' id='word_1_236' title='bbox 229 4149 459 4214; x_wconf 77' lang='lat' dir='ltr'><strong>²Cmnicidictum.]</strong></span> <span class='ocrx_word' id='word_1_237' title='bbox 468 4152 567 4201; x_wconf 88' lang='lat' dir='ltr'><strong>Terent.</strong></span> <span class='ocrx_word' id='word_1_238' title='bbox 576 4152 659 4201; x_wconf 84' lang='lat' dir='ltr'><strong>Andr.</strong></span> <span class='ocrx_word' id='word_1_239' title='bbox 716 4149 727 4181; x_wconf 86' lang='lat'>⁴</span> <span class='ocrx_word' id='word_1_240' title='bbox 746 4151 855 4213; x_wconf 63' lang='lat' dir='ltr'><strong>Lucem]</strong></span> <span class='ocrx_word' id='word_1_241' title='bbox 880 4150 913 4199; x_wconf 76' lang='lat' dir='ltr'><strong>A.</strong></span> <span class='ocrx_word' id='word_1_242' title='bbox 939 4151 968 4198; x_wconf 86' lang='lat' dir='ltr'><strong>C.</strong></span> <span class='ocrx_word' id='word_1_243' title='bbox 989 4149 1024 4196; x_wconf 90' lang='lat' dir='ltr'><strong>D.</strong></span> <span class='ocrx_word' id='word_1_244' title='bbox 1045 4148 1075 4197; x_wconf 82' lang='lat' dir='ltr'><strong>E.</strong></span> <span class='ocrx_word' id='word_1_245' title='bbox 1094 4149 1142 4208; x_wconf 90' lang='lat' dir='ltr'><strong>L.;</strong></span> 
     </span>
     <span class='ocr_line' id='line_1_36' title="bbox 194 4221 799 4282; baseline 0 -11"><span class='ocrx_word' id='word_1_246' title='bbox 194 4236 230 4271; x_wconf 83' lang='lat' dir='ltr'><strong>iv.</strong></span> <span class='ocrx_word' id='word_1_247' title='bbox 243 4228 266 4272; x_wconf 92' lang='lat' dir='ltr'><strong>l.</strong></span> <span class='ocrx_word' id='word_1_248' title='bbox 682 4223 759 4282; x_wconf 86' lang='lat' dir='ltr'><strong>euris,</strong></span> <span class='ocrx_word' id='word_1_249' title='bbox 771 4221 799 4271; x_wconf 83' lang='lat' dir='ltr'><strong>S.</strong></span> 
     </span>
     <span class='ocr_line' id='line_1_37' title="bbox 934 4294 994 4357; baseline -0.017 0"><span class='ocrx_word' id='word_1_250' title='bbox 934 4294 994 4357; x_wconf 80' lang='lat' dir='ltr'><strong>2n</strong></span> 
     </span>
    </p>
   </div>
   <div class='ocr_carea' id='block_1_6' title="bbox 0 0 1447 4868">
    <p class='ocr_par' dir='ltr' id='par_1_6' title="bbox 0 0 1447 4868">
     <span class='ocr_line' id='line_1_38' title="bbox 0 0 1447 4868; baseline 0 0"><span class='ocrx_word' id='word_1_251' title='bbox 0 0 1447 4868; x_wconf 95' lang='lat' dir='ltr'><strong> </strong></span> 
     </span>
    </p>
   </div>
  </div>
 </body>
</html>
