<?xml version="1.0" encoding="UTF-8"?>
<!DOCTYPE html PUBLIC "-//W3C//DTD XHTML 1.0 Transitional//EN"
    "http://www.w3.org/TR/xhtml1/DTD/xhtml1-transitional.dtd">
<html xmlns="http://www.w3.org/1999/xhtml" xml:lang="en" lang="en">
 <head>
  <title>
</title>
<meta http-equiv="Content-Type" content="text/html;charset=utf-8" />
  <meta name='ocr-system' content='tesseract 3.04.00' />
  <meta name='ocr-capabilities' content='ocr_page ocr_carea ocr_par ocr_line ocrx_word'/>
</head>
<body>
  <div class='ocr_page' id='page_1' title='image "./gestaregumanglo00willgoog_0155.png"; bbox 0 0 2866 4868; ppageno 0'>
   <div class='ocr_carea' id='block_1_1' title="bbox 344 395 1299 476">
    <p class='ocr_par' dir='ltr' id='par_1_1' title="bbox 344 395 1299 476">
     <span class='ocr_line' id='line_1_1' title="bbox 344 395 1299 476; baseline -0.003 -15"><span class='ocrx_word' id='word_1_1' title='bbox 344 395 409 461; x_wconf 77' lang='lat'><strong>532</strong></span> <span class='ocrx_word' id='word_1_2' title='bbox 565 413 678 461; x_wconf 73' lang='lat' dir='ltr'><strong>cnsru</strong></span> <span class='ocrx_word' id='word_1_3' title='bbox 703 413 828 460; x_wconf 86' lang='lat' dir='ltr'><strong>nncuu</strong></span> <span class='ocrx_word' id='word_1_4' title='bbox 856 410 1068 458; x_wconf 76' lang='lat' dir='ltr'><strong>aucuonuu.</strong></span> <span class='ocrx_word' id='word_1_5' title='bbox 1142 395 1229 476; x_wconf 81' lang='lat' dir='ltr'><strong>[nra.</strong></span> <span class='ocrx_word' id='word_1_6' title='bbox 1247 411 1299 458; x_wconf 83' lang='grc' dir='ltr'><strong>ιν.</strong></span> 
     </span>
    </p>
   </div>
   <div class='ocr_carea' id='block_1_2' title="bbox 180 567 1303 3747">
    <p class='ocr_par' dir='ltr' id='par_1_2' title="bbox 342 567 1303 2350">
     <span class='ocr_line' id='line_1_2' title="bbox 345 567 1300 652; baseline 0.002 -21"><span class='ocrx_word' id='word_1_7' title='bbox 345 567 430 631; x_wconf 93' lang='lat' dir='ltr'><strong>tudo</strong></span> <span class='ocrx_word' id='word_1_8' title='bbox 463 577 666 646; x_wconf 81' lang='lat' dir='ltr'><strong>remoretur,</strong></span> <span class='ocrx_word' id='word_1_9' title='bbox 695 569 777 652; x_wconf 89' lang='lat' dir='ltr'><strong>quia</strong></span> <span class='ocrx_word' id='word_1_10' title='bbox 802 569 973 651; x_wconf 89' lang='lat' dir='ltr'><strong>ampliora</strong></span> <span class='ocrx_word' id='word_1_11' title='bbox 1005 578 1088 633; x_wconf 89' lang='lat' dir='ltr'><strong>sunt</strong></span> <span class='ocrx_word' id='word_1_12' title='bbox 1113 589 1192 652; x_wconf 88' lang='lat' dir='ltr'><strong>quae</strong></span> <span class='ocrx_word' id='word_1_13' title='bbox 1215 590 1300 652; x_wconf 91' lang='lat' dir='ltr'><strong>pro-</strong></span> 
     </span>
     <span class='ocr_line' id='line_1_3' title="bbox 344 668 1303 752; baseline 0.004 -22"><span class='ocrx_word' id='word_1_14' title='bbox 344 668 541 732; x_wconf 90' lang='lat' dir='ltr'><strong>mittuntur.</strong></span> <span class='ocrx_word' id='word_1_15' title='bbox 594 668 670 733; x_wconf 92' lang='lat' dir='ltr'><strong>Nec</strong></span> <span class='ocrx_word' id='word_1_16' title='bbox 688 689 730 732; x_wconf 89' lang='lat' dir='ltr'><strong>ea</strong></span> <span class='ocrx_word' id='word_1_17' title='bbox 755 688 834 751; x_wconf 88' lang='lat' dir='ltr'><strong>quae</strong></span> <span class='ocrx_word' id='word_1_18' title='bbox 852 669 947 732; x_wconf 89' lang='lat' dir='ltr'><strong>inani</strong></span> <span class='ocrx_word' id='word_1_19' title='bbox 969 689 1031 752; x_wconf 92' lang='lat' dir='ltr'><strong>spe</strong></span> <span class='ocrx_word' id='word_1_20' title='bbox 1054 670 1188 734; x_wconf 89' lang='lat' dir='ltr'><strong>miseris</strong></span> <span class='ocrx_word' id='word_1_21' title='bbox 1212 670 1303 734; x_wconf 86' lang='lat' dir='ltr'><strong>adu-</strong></span> 
     </span>
     <span class='ocr_line' id='line_1_4' title="bbox 343 767 1300 851; baseline 0.004 -21"><span class='ocrx_word' id='word_1_22' title='bbox 343 767 472 845; x_wconf 80' lang='lat' dir='ltr'><strong>lentur,</strong></span> <span class='ocrx_word' id='word_1_23' title='bbox 487 769 543 832; x_wconf 88' lang='lat' dir='ltr'><strong>vel</strong></span> <span class='ocrx_word' id='word_1_24' title='bbox 569 769 734 850; x_wconf 86' lang='lat' dir='ltr'><strong>ignavam</strong></span> <span class='ocrx_word' id='word_1_25' title='bbox 757 776 906 833; x_wconf 83' lang='lat' dir='ltr'><strong>mentem</strong></span> <span class='ocrx_word' id='word_1_26' title='bbox 929 770 1028 851; x_wconf 80' lang='lat' dir='ltr'><strong>pigro</strong></span> <span class='ocrx_word' id='word_1_27' title='bbox 1051 790 1165 834; x_wconf 89' lang='lat' dir='ltr'><strong>rerum</strong></span> <span class='ocrx_word' id='word_1_28' title='bbox 1187 771 1300 834; x_wconf 86' lang='lat' dir='ltr'><strong>medi-</strong></span> 
     </span>
     <span class='ocr_line' id='line_1_5' title="bbox 344 867 1297 953; baseline 0.003 -22"><span class='ocrx_word' id='word_1_29' title='bbox 344 869 478 932; x_wconf 88' lang='lat' dir='ltr'><strong>camine</strong></span> <span class='ocrx_word' id='word_1_30' title='bbox 502 868 668 950; x_wconf 89' lang='lat' dir='ltr'><strong>palpent;</strong></span> <span class='ocrx_word' id='word_1_31' title='bbox 703 867 764 932; x_wconf 92' lang='lat' dir='ltr'><strong>sed</strong></span> <span class='ocrx_word' id='word_1_32' title='bbox 782 871 911 933; x_wconf 88' lang='lat' dir='ltr'><strong>crebris</strong></span> <span class='ocrx_word' id='word_1_33' title='bbox 934 870 1103 953; x_wconf 85' lang='lat' dir='ltr'><strong>exemplis</strong></span> <span class='ocrx_word' id='word_1_34' title='bbox 1126 869 1297 948; x_wconf 79' lang='lat' dir='ltr'><strong>exhibita,</strong></span> 
     </span>
     <span class='ocr_line' id='line_1_6' title="bbox 343 966 1299 1052; baseline 0.005 -23"><span class='ocrx_word' id='word_1_35' title='bbox 343 966 516 1051; x_wconf 87' lang='lat' dir='ltr'><strong>frequenti</strong></span> <span class='ocrx_word' id='word_1_36' title='bbox 532 988 598 1031; x_wconf 90' lang='lat' dir='ltr'><strong>usu</strong></span> <span class='ocrx_word' id='word_1_37' title='bbox 611 969 845 1051; x_wconf 85' lang='lat' dir='ltr'><strong>comprobata.</strong></span> <span class='ocrx_word' id='word_1_38' title='bbox 898 969 945 1032; x_wconf 91' lang='lat' dir='ltr'><strong>Et</strong></span> <span class='ocrx_word' id='word_1_39' title='bbox 961 969 1036 1033; x_wconf 88' lang='lat' dir='ltr'><strong>baec</strong></span> <span class='ocrx_word' id='word_1_40' title='bbox 1052 970 1190 1052; x_wconf 92' lang='lat' dir='ltr'><strong>quidem</strong></span> <span class='ocrx_word' id='word_1_41' title='bbox 1213 979 1299 1034; x_wconf 91' lang='lat' dir='ltr'><strong>sunt</strong></span> 
     </span>
     <span class='ocr_line' id='line_1_7' title="bbox 344 1063 1299 1151; baseline 0.006 -22"><span class='ocrx_word' id='word_1_42' title='bbox 344 1066 470 1147; x_wconf 89' lang='lat' dir='ltr'><strong>dulcia,</strong></span> <span class='ocrx_word' id='word_1_43' title='bbox 496 1069 557 1131; x_wconf 91' lang='lat' dir='ltr'><strong>sed</strong></span> <span class='ocrx_word' id='word_1_44' title='bbox 580 1069 736 1148; x_wconf 89' lang='lat' dir='ltr'><strong>caduca;</strong></span> <span class='ocrx_word' id='word_1_45' title='bbox 760 1075 795 1132; x_wconf 92' lang='lat' dir='ltr'><strong>et</strong></span> <span class='ocrx_word' id='word_1_46' title='bbox 811 1089 889 1151; x_wconf 88' lang='lat' dir='ltr'><strong>quae</strong></span> <span class='ocrx_word' id='word_1_47' title='bbox 907 1069 1178 1151; x_wconf 89' lang='lat' dir='ltr'><strong>centuplicatum</strong></span> <span class='ocrx_word' id='word_1_48' title='bbox 1196 1063 1299 1135; x_wconf 92' lang='lat' dir='ltr'><strong>¹con·</strong></span> 
     </span>
     <span class='ocr_line' id='line_1_8' title="bbox 344 1168 1297 1251; baseline 0.006 -21"><span class='ocrx_word' id='word_1_49' title='bbox 344 1169 572 1250; x_wconf 90' lang='lat' dir='ltr'><strong>temptoribus</strong></span> <span class='ocrx_word' id='word_1_50' title='bbox 590 1169 663 1231; x_wconf 92' lang='lat' dir='ltr'><strong>suis</strong></span> <span class='ocrx_word' id='word_1_51' title='bbox 677 1169 827 1250; x_wconf 92' lang='lat' dir='ltr'><strong>pretium</strong></span> <span class='ocrx_word' id='word_1_52' title='bbox 843 1170 1043 1251; x_wconf 88' lang='lat' dir='ltr'><strong>importent.</strong></span> <span class='ocrx_word' id='word_1_53' title='bbox 1080 1168 1171 1234; x_wconf 87' lang='lat' dir='ltr'><strong>Haec</strong></span> <span class='ocrx_word' id='word_1_54' title='bbox 1184 1170 1297 1249; x_wconf 90' lang='lat' dir='ltr'><strong>edico,</strong></span> 
     </span>
     <span class='ocr_line' id='line_1_9' title="bbox 343 1267 1295 1352; baseline 0.006 -23"><span class='ocrx_word' id='word_1_55' title='bbox 343 1267 419 1331; x_wconf 88' lang='lat' dir='ltr'><strong>baec</strong></span> <span class='ocrx_word' id='word_1_56' title='bbox 442 1268 582 1345; x_wconf 89' lang='lat' dir='ltr'><strong>mando,</strong></span> <span class='ocrx_word' id='word_1_57' title='bbox 610 1269 863 1352; x_wconf 87' lang='lat' dir='ltr'><strong>terminumque</strong></span> <span class='ocrx_word' id='word_1_58' title='bbox 890 1269 1041 1351; x_wconf 89' lang='lat' dir='ltr'><strong>proximi</strong></span> <span class='ocrx_word' id='word_1_59' title='bbox 1060 1271 1152 1334; x_wconf 85' lang='lat' dir='ltr'><strong>veris</strong></span> <span class='ocrx_word' id='word_1_60' title='bbox 1178 1268 1295 1352; x_wconf 86' lang='lat' dir='ltr'><strong>affigo.</strong></span> 
     </span>
     <span class='ocr_line' id='line_1_10' title="bbox 343 1365 1297 1445; baseline 0.003 -14"><span class='ocrx_word' id='word_1_61' title='bbox 343 1365 468 1432; x_wconf 84' lang='lat' dir='ltr'><strong>Aderit</strong></span> <span class='ocrx_word' id='word_1_62' title='bbox 486 1368 583 1431; x_wconf 92' lang='lat' dir='ltr'><strong>Deus</strong></span> <span class='ocrx_word' id='word_1_63' title='bbox 605 1369 780 1445; x_wconf 91' lang='lat' dir='ltr'><strong>euntibus,</strong></span> <span class='ocrx_word' id='word_1_64' title='bbox 797 1376 836 1433; x_wconf 94' lang='lat' dir='ltr'><strong>ut</strong></span> <span class='ocrx_word' id='word_1_65' title='bbox 858 1369 908 1432; x_wconf 92' lang='lat' dir='ltr'><strong>eis</strong></span> <span class='ocrx_word' id='word_1_66' title='bbox 931 1370 1041 1432; x_wconf 92' lang='lat' dir='ltr'><strong>bonus</strong></span> <span class='ocrx_word' id='word_1_67' title='bbox 1065 1368 1217 1434; x_wconf 88' lang='lat' dir='ltr'><strong>arrideat</strong></span> <span class='ocrx_word' id='word_1_68' title='bbox 1233 1390 1297 1434; x_wconf 89' lang='lat' dir='ltr'><strong>an-</strong></span> 
     </span>
     <span class='ocr_line' id='line_1_11' title="bbox 344 1468 1295 1552; baseline 0.005 -21"><span class='ocrx_word' id='word_1_69' title='bbox 344 1487 423 1544; x_wconf 90' lang='lat' dir='ltr'><strong>nus,</strong></span> <span class='ocrx_word' id='word_1_70' title='bbox 432 1475 506 1530; x_wconf 91' lang='lat' dir='ltr'><strong>tum</strong></span> <span class='ocrx_word' id='word_1_71' title='bbox 520 1468 620 1550; x_wconf 89' lang='lat' dir='ltr'><strong>copia</strong></span> <span class='ocrx_word' id='word_1_72' title='bbox 633 1468 784 1550; x_wconf 84' lang='lat' dir='ltr'><strong>frugum,</strong></span> <span class='ocrx_word' id='word_1_73' title='bbox 795 1476 870 1532; x_wconf 92' lang='lat' dir='ltr'><strong>tum</strong></span> <span class='ocrx_word' id='word_1_74' title='bbox 885 1469 1073 1534; x_wconf 76' lang='lat' dir='ltr'><strong>serenitate</strong></span> <span class='ocrx_word' id='word_1_75' title='bbox 1088 1478 1295 1552; x_wconf 91' lang='lat' dir='ltr'><strong>temporum.</strong></span> 
     </span>
     <span class='ocr_line' id='line_1_12' title="bbox 345 1567 1296 1647; baseline 0.004 -17"><span class='ocrx_word' id='word_1_76' title='bbox 345 1567 508 1631; x_wconf 88' lang='lat' dir='ltr'><strong>Morituri</strong></span> <span class='ocrx_word' id='word_1_77' title='bbox 530 1568 611 1632; x_wconf 89' lang='lat' dir='ltr'><strong>coeli</strong></span> <span class='ocrx_word' id='word_1_78' title='bbox 633 1568 812 1632; x_wconf 89' lang='lat' dir='ltr'><strong>intrabunt</strong></span> <span class='ocrx_word' id='word_1_79' title='bbox 836 1569 1036 1647; x_wconf 91' lang='lat' dir='ltr'><strong>triclinium,</strong></span> <span class='ocrx_word' id='word_1_80' title='bbox 1054 1568 1181 1634; x_wconf 90' lang='lat' dir='ltr'><strong>victuri</strong></span> <span class='ocrx_word' id='word_1_81' title='bbox 1197 1570 1296 1634; x_wconf 90' lang='lat' dir='ltr'><strong>vide-</strong></span> 
     </span>
     <span class='ocr_line' id='line_1_13' title="bbox 342 1668 1297 1755; baseline 0.005 -25"><span class='ocrx_word' id='word_1_82' title='bbox 342 1668 431 1730; x_wconf 92' lang='lat' dir='ltr'><strong>bunt</strong></span> <span class='ocrx_word' id='word_1_83' title='bbox 458 1668 675 1750; x_wconf 87' lang='lat' dir='ltr'><strong>sepulchrum</strong></span> <span class='ocrx_word' id='word_1_84' title='bbox 707 1669 939 1733; x_wconf 90' lang='lat' dir='ltr'><strong>Dominicum.</strong></span> <span class='ocrx_word' id='word_1_85' title='bbox 997 1669 1044 1734; x_wconf 87' lang='lat' dir='ltr'><strong>Et</strong></span> <span class='ocrx_word' id='word_1_86' title='bbox 1073 1689 1152 1751; x_wconf 88' lang='lat' dir='ltr'><strong>quae</strong></span> <span class='ocrx_word' id='word_1_87' title='bbox 1182 1670 1297 1755; x_wconf 86' lang='lat' dir='ltr'><strong>major</strong></span> 
     </span>
     <span class='ocr_line' id='line_1_14' title="bbox 343 1767 1295 1851; baseline 0.005 -21"><span class='ocrx_word' id='word_1_88' title='bbox 343 1767 492 1831; x_wconf 85' lang='lat' dir='ltr'><strong>felicitas</strong></span> <span class='ocrx_word' id='word_1_89' title='bbox 520 1788 625 1851; x_wconf 89' lang='lat' dir='ltr'><strong>quam</strong></span> <span class='ocrx_word' id='word_1_90' title='bbox 651 1775 691 1831; x_wconf 94' lang='lat' dir='ltr'><strong>ut</strong></span> <span class='ocrx_word' id='word_1_91' title='bbox 717 1768 830 1845; x_wconf 91' lang='lat' dir='ltr'><strong>homo,</strong></span> <span class='ocrx_word' id='word_1_92' title='bbox 850 1769 886 1831; x_wconf 92' lang='lat' dir='ltr'><strong>in</strong></span> <span class='ocrx_word' id='word_1_93' title='bbox 909 1768 1012 1831; x_wconf 89' lang='lat' dir='ltr'><strong>terris</strong></span> <span class='ocrx_word' id='word_1_94' title='bbox 1041 1788 1162 1850; x_wconf 83' lang='lat' dir='ltr'><strong>agens,</strong></span> <span class='ocrx_word' id='word_1_95' title='bbox 1176 1769 1295 1835; x_wconf 83' lang='lat' dir='ltr'><strong>videat</strong></span> 
     </span>
     <span class='ocr_line' id='line_1_15' title="bbox 343 1867 1295 1951; baseline 0.006 -22"><span class='ocrx_word' id='word_1_96' title='bbox 343 1867 420 1932; x_wconf 90' lang='lat' dir='ltr'><strong>loca</strong></span> <span class='ocrx_word' id='word_1_97' title='bbox 436 1868 498 1931; x_wconf 89' lang='lat' dir='ltr'><strong>illa</strong></span> <span class='ocrx_word' id='word_1_98' title='bbox 507 1868 543 1931; x_wconf 89' lang='lat' dir='ltr'><strong>in</strong></span> <span class='ocrx_word' id='word_1_99' title='bbox 559 1868 683 1951; x_wconf 92' lang='lat' dir='ltr'><strong>quibus</strong></span> <span class='ocrx_word' id='word_1_100' title='bbox 698 1868 865 1932; x_wconf 85' lang='lat' dir='ltr'><strong>coelorum</strong></span> <span class='ocrx_word' id='word_1_101' title='bbox 876 1868 1049 1933; x_wconf 85' lang='lat' dir='ltr'><strong>Dominus</strong></span> <span class='ocrx_word' id='word_1_102' title='bbox 1066 1877 1295 1935; x_wconf 86' lang='lat' dir='ltr'><strong>conversatus</strong></span> 
     </span>
     <span class='ocr_line' id='line_1_16' title="bbox 343 1967 1296 2050; baseline 0.003 -19"><span class='ocrx_word' id='word_1_103' title='bbox 343 1977 397 2032; x_wconf 91' lang='lat' dir='ltr'><strong>est</strong></span> <span class='ocrx_word' id='word_1_104' title='bbox 423 1968 648 2032; x_wconf 80' lang='lat' dir='ltr'><strong>humanitusl</strong></span> <span class='ocrx_word' id='word_1_105' title='bbox 702 1968 836 2032; x_wconf 91' lang='lat' dir='ltr'><strong>Felices</strong></span> <span class='ocrx_word' id='word_1_106' title='bbox 862 1969 922 2050; x_wconf 89' lang='lat' dir='ltr'><strong>qui</strong></span> <span class='ocrx_word' id='word_1_107' title='bbox 949 1967 993 2031; x_wconf 88' lang='lat' dir='ltr'><strong>ad</strong></span> <span class='ocrx_word' id='word_1_108' title='bbox 1020 1967 1097 2032; x_wconf 87' lang='lat' dir='ltr'><strong>haec</strong></span> <span class='ocrx_word' id='word_1_109' title='bbox 1123 1978 1296 2034; x_wconf 86' lang='lat' dir='ltr'><strong>vocantur</strong></span> 
     </span>
     <span class='ocr_line' id='line_1_17' title="bbox 343 2068 1295 2145; baseline 0.004 -15"><span class='ocrx_word' id='word_1_110' title='bbox 343 2069 474 2145; x_wconf 90' lang='lat' dir='ltr'><strong>munia,</strong></span> <span class='ocrx_word' id='word_1_111' title='bbox 500 2075 541 2132; x_wconf 94' lang='lat' dir='ltr'><strong>ut</strong></span> <span class='ocrx_word' id='word_1_112' title='bbox 567 2069 628 2131; x_wconf 88' lang='lat' dir='ltr'><strong>illa</strong></span> <span class='ocrx_word' id='word_1_113' title='bbox 657 2068 902 2132; x_wconf 88' lang='lat' dir='ltr'><strong>nanciscantur</strong></span> <span class='ocrx_word' id='word_1_114' title='bbox 925 2070 1091 2134; x_wconf 91' lang='lat' dir='ltr'><strong>munera!</strong></span> <span class='ocrx_word' id='word_1_115' title='bbox 1124 2069 1295 2134; x_wconf 87' lang='lat' dir='ltr'><strong>fortunati</strong></span> 
     </span>
     <span class='ocr_line' id='line_1_18' title="bbox 343 2167 1298 2254; baseline 0.001 -23"><span class='ocrx_word' id='word_1_116' title='bbox 343 2169 404 2250; x_wconf 92' lang='lat' dir='ltr'><strong>qui</strong></span> <span class='ocrx_word' id='word_1_117' title='bbox 419 2169 631 2233; x_wconf 85' lang='lat' dir='ltr'><strong>meditantur</strong></span> <span class='ocrx_word' id='word_1_118' title='bbox 652 2168 721 2232; x_wconf 91' lang='lat' dir='ltr'><strong>ista</strong></span> <span class='ocrx_word' id='word_1_119' title='bbox 743 2168 876 2252; x_wconf 88' lang='lat' dir='ltr'><strong>praelia,</strong></span> <span class='ocrx_word' id='word_1_120' title='bbox 894 2174 933 2231; x_wconf 94' lang='lat' dir='ltr'><strong>ut</strong></span> <span class='ocrx_word' id='word_1_121' title='bbox 955 2167 1017 2231; x_wconf 86' lang='lat' dir='ltr'><strong>illa</strong></span> <span class='ocrx_word' id='word_1_122' title='bbox 1038 2178 1298 2254; x_wconf 89' lang='lat' dir='ltr'><strong>consequantur</strong></span> 
     </span>
     <span class='ocr_line' id='line_1_19' title="bbox 343 2269 519 2350; baseline 0.006 -19"><span class='ocrx_word' id='word_1_123' title='bbox 343 2269 488 2350; x_wconf 87' lang='lat' dir='ltr'><strong>praemia</strong></span> <span class='ocrx_word' id='word_1_124' title='bbox 499 2270 519 2332; x_wconf 86' lang='lat' dir='ltr'><strong>l&#39;</strong></span> 
     </span>
    </p>

    <p class='ocr_par' dir='ltr' id='par_1_3' title="bbox 181 2366 1297 2469">
     <span class='ocr_line' id='line_1_20' title="bbox 181 2366 1297 2469; baseline 0.003 -38"><span class='ocrx_word' id='word_1_125' title='bbox 181 2378 330 2469; x_wconf 54' lang='lat' dir='ltr'><strong>ffi&#39;ffl</strong></span> <span class='ocrx_word' id='word_1_126' title='bbox 395 2369 413 2452; x_wconf 59' lang='grc' dir='ltr'><strong>ξ</strong></span> <span class='ocrx_word' id='word_1_127' title='bbox 428 2367 505 2433; x_wconf 86' lang='grc'><strong>348.</strong></span> <span class='ocrx_word' id='word_1_128' title='bbox 521 2366 681 2450; x_wconf 89' lang='lat' dir='ltr'><strong>Hujusce</strong></span> <span class='ocrx_word' id='word_1_129' title='bbox 699 2367 866 2432; x_wconf 89' lang='lat' dir='ltr'><strong>orationis</strong></span> <span class='ocrx_word' id='word_1_130' title='bbox 884 2376 1039 2435; x_wconf 77' lang='lat' dir='ltr'><strong>tenorem</strong></span> <span class='ocrx_word' id='word_1_131' title='bbox 1056 2369 1190 2452; x_wconf 88' lang='lat' dir='ltr'><strong>scripsi,</strong></span> <span class='ocrx_word' id='word_1_132' title='bbox 1207 2389 1297 2453; x_wconf 88' lang='lat' dir='ltr'><strong>pau·</strong></span> 
     </span>
    </p>

    <p class='ocr_par' dir='ltr' id='par_1_4' title="bbox 180 2467 1297 3747">
     <span class='ocr_line' id='line_1_21' title="bbox 180 2467 1297 2552; baseline 0.002 -20"><span class='ocrx_word' id='word_1_133' title='bbox 180 2480 237 2519; x_wconf 68' lang='lat' dir='ltr'><strong>sade·</strong></span> <span class='ocrx_word' id='word_1_134' title='bbox 344 2488 386 2532; x_wconf 91' lang='lat' dir='ltr'><strong>ca</strong></span> <span class='ocrx_word' id='word_1_135' title='bbox 411 2476 552 2552; x_wconf 89' lang='lat' dir='ltr'><strong>propter</strong></span> <span class='ocrx_word' id='word_1_136' title='bbox 576 2468 759 2532; x_wconf 89' lang='lat' dir='ltr'><strong>veritatem</strong></span> <span class='ocrx_word' id='word_1_137' title='bbox 791 2467 961 2533; x_wconf 92' lang='lat' dir='ltr'><strong>dictorum</strong></span> <span class='ocrx_word' id='word_1_138' title='bbox 989 2469 1200 2552; x_wconf 83' lang='lat' dir='ltr'><strong>incastigato</strong></span> <span class='ocrx_word' id='word_1_139' title='bbox 1223 2490 1297 2534; x_wconf 90' lang='lat' dir='ltr'><strong>ser·</strong></span> 
     </span>
     <span class='ocr_line' id='line_1_22' title="bbox 343 2568 1295 2651; baseline 0.003 -19"><span class='ocrx_word' id='word_1_140' title='bbox 343 2589 445 2633; x_wconf 90' lang='lat' dir='ltr'><strong>mone</strong></span> <span class='ocrx_word' id='word_1_141' title='bbox 482 2569 698 2651; x_wconf 87' lang='lat' dir='ltr'><strong>depromens,</strong></span> <span class='ocrx_word' id='word_1_142' title='bbox 734 2568 836 2650; x_wconf 90' lang='lat' dir='ltr'><strong>plura</strong></span> <span class='ocrx_word' id='word_1_143' title='bbox 871 2569 1131 2634; x_wconf 82' lang='lat' dir='ltr'><strong>manumittens.</strong></span> <span class='ocrx_word' id='word_1_144' title='bbox 1198 2570 1295 2635; x_wconf 89' lang='lat' dir='ltr'><strong>Hinc</strong></span> 
     </span>
     <span class='ocr_line' id='line_1_23' title="bbox 342 2667 1296 2753; baseline 0.001 -20"><span class='ocrx_word' id='word_1_145' title='bbox 342 2669 450 2752; x_wconf 86' lang='lat' dir='ltr'><strong>igitur</strong></span> <span class='ocrx_word' id='word_1_146' title='bbox 483 2667 633 2751; x_wconf 92' lang='lat' dir='ltr'><strong>populns</strong></span> <span class='ocrx_word' id='word_1_147' title='bbox 673 2668 868 2732; x_wconf 87' lang='lat' dir='ltr'><strong>auditorum</strong></span> <span class='ocrx_word' id='word_1_148' title='bbox 909 2688 1087 2746; x_wconf 89' lang='lat' dir='ltr'><strong>accensus,</strong></span> <span class='ocrx_word' id='word_1_149' title='bbox 1123 2668 1296 2753; x_wconf 90' lang='lat' dir='ltr'><strong>judicium</strong></span> 
     </span>
     <span class='ocr_line' id='line_1_24' title="bbox 343 2768 1296 2849; baseline 0 -15"><span class='ocrx_word' id='word_1_150' title='bbox 343 2769 449 2834; x_wconf 89' lang='lat' dir='ltr'><strong>animi</strong></span> <span class='ocrx_word' id='word_1_151' title='bbox 479 2768 627 2832; x_wconf 89' lang='lat' dir='ltr'><strong>clamore</strong></span> <span class='ocrx_word' id='word_1_152' title='bbox 653 2775 815 2845; x_wconf 89' lang='lat' dir='ltr'><strong>testatur,</strong></span> <span class='ocrx_word' id='word_1_153' title='bbox 847 2768 969 2833; x_wconf 84' lang='lat' dir='ltr'><strong>favens</strong></span> <span class='ocrx_word' id='word_1_154' title='bbox 1002 2770 1296 2849; x_wconf 88' lang='lat' dir='ltr'><strong>sermocinationi,</strong></span> 
     </span>
     <span class='ocr_line' id='line_1_25' title="bbox 343 2867 1294 2953; baseline 0.002 -21"><span class='ocrx_word' id='word_1_155' title='bbox 343 2869 464 2933; x_wconf 84' lang='lat' dir='ltr'><strong>favens</strong></span> <span class='ocrx_word' id='word_1_156' title='bbox 480 2867 771 2950; x_wconf 83' lang='lat' dir='ltr'><strong>peregrinationi:</strong></span> <span class='ocrx_word' id='word_1_157' title='bbox 790 2869 978 2952; x_wconf 88' lang='lat' dir='ltr'><strong>statimque</strong></span> <span class='ocrx_word' id='word_1_158' title='bbox 995 2870 1032 2932; x_wconf 93' lang='lat' dir='ltr'><strong>in</strong></span> <span class='ocrx_word' id='word_1_159' title='bbox 1049 2869 1196 2934; x_wconf 89' lang='lat' dir='ltr'><strong>concilio</strong></span> <span class='ocrx_word' id='word_1_160' title='bbox 1212 2890 1294 2953; x_wconf 87' lang='lat' dir='ltr'><strong>pro·</strong></span> 
     </span>
     <span class='ocr_line' id='line_1_26' title="bbox 343 2962 1296 3053; baseline 0.002 -21"><span class='ocrx_word' id='word_1_161' title='bbox 343 2989 438 3033; x_wconf 91' lang='lat' dir='ltr'><strong>ceres</strong></span> <span class='ocrx_word' id='word_1_162' title='bbox 462 2968 630 3045; x_wconf 91' lang='lat' dir='ltr'><strong>nonnulli,</strong></span> <span class='ocrx_word' id='word_1_163' title='bbox 653 2987 755 3050; x_wconf 88' lang='lat' dir='ltr'><strong>papae</strong></span> <span class='ocrx_word' id='word_1_164' title='bbox 778 2969 923 3050; x_wconf 83' lang='lat' dir='ltr'><strong>genibus</strong></span> <span class='ocrx_word' id='word_1_165' title='bbox 946 2962 1077 3047; x_wconf 82' lang='lat' dir='ltr'><strong>²affusi,</strong></span> <span class='ocrx_word' id='word_1_166' title='bbox 1102 2990 1139 3034; x_wconf 90' lang='lat' dir='ltr'><strong>se</strong></span> <span class='ocrx_word' id='word_1_167' title='bbox 1162 2989 1296 3053; x_wconf 89' lang='lat' dir='ltr'><strong>suaque</strong></span> 
     </span>
     <span class='ocr_line' id='line_1_27' title="bbox 345 3068 1295 3152; baseline 0.002 -20"><span class='ocrx_word' id='word_1_168' title='bbox 345 3069 411 3133; x_wconf 91' lang='lat' dir='ltr'><strong>Dei</strong></span> <span class='ocrx_word' id='word_1_169' title='bbox 429 3069 563 3132; x_wconf 88' lang='lat' dir='ltr'><strong>militiae</strong></span> <span class='ocrx_word' id='word_1_170' title='bbox 581 3075 851 3147; x_wconf 88' lang='lat' dir='ltr'><strong>consecrarunt;</strong></span> <span class='ocrx_word' id='word_1_171' title='bbox 870 3089 889 3132; x_wconf 91' lang='lat' dir='ltr'><strong>e</strong></span> <span class='ocrx_word' id='word_1_172' title='bbox 905 3069 1106 3152; x_wconf 90' lang='lat' dir='ltr'><strong>quibusfuit</strong></span> <span class='ocrx_word' id='word_1_173' title='bbox 1117 3068 1295 3148; x_wconf 87' lang='lat' dir='ltr'><strong>Aimarus,</strong></span> 
     </span>
     <span class='ocr_line' id='line_1_28' title="bbox 343 3167 1296 3253; baseline 0.003 -21"><span class='ocrx_word' id='word_1_174' title='bbox 343 3168 488 3251; x_wconf 79' lang='lat' dir='ltr'><strong>insignis</strong></span> <span class='ocrx_word' id='word_1_175' title='bbox 515 3169 680 3250; x_wconf 84' lang='lat' dir='ltr'><strong>potentiae</strong></span> <span class='ocrx_word' id='word_1_176' title='bbox 696 3167 880 3231; x_wconf 90' lang='lat' dir='ltr'><strong>Podiensis</strong></span> <span class='ocrx_word' id='word_1_177' title='bbox 904 3170 1099 3251; x_wconf 91' lang='lat' dir='ltr'><strong>episcopus,</strong></span> <span class='ocrx_word' id='word_1_178' title='bbox 1115 3171 1175 3252; x_wconf 89' lang='lat' dir='ltr'><strong>qui</strong></span> <span class='ocrx_word' id='word_1_179' title='bbox 1199 3179 1296 3253; x_wconf 86' lang='lat' dir='ltr'><strong>post-</strong></span> 
     </span>
     <span class='ocr_line' id='line_1_29' title="bbox 343 3262 1297 3350; baseline 0.001 -17"><span class='ocrx_word' id='word_1_180' title='bbox 343 3289 391 3333; x_wconf 88' lang='lat' dir='ltr'><strong>ea.</strong></span> <span class='ocrx_word' id='word_1_181' title='bbox 408 3269 599 3332; x_wconf 89' lang='lat' dir='ltr'><strong>exercitum</strong></span> <span class='ocrx_word' id='word_1_182' title='bbox 624 3267 723 3331; x_wconf 90' lang='lat' dir='ltr'><strong>illum</strong></span> <span class='ocrx_word' id='word_1_183' title='bbox 750 3262 860 3332; x_wconf 79' lang='lat' dir='ltr'><strong>³rexit</strong></span> <span class='ocrx_word' id='word_1_184' title='bbox 882 3268 1079 3350; x_wconf 88' lang='lat' dir='ltr'><strong>prudentia,</strong></span> <span class='ocrx_word' id='word_1_185' title='bbox 1101 3270 1203 3334; x_wconf 86' lang='lat' dir='ltr'><strong>auxit</strong></span> <span class='ocrx_word' id='word_1_186' title='bbox 1224 3271 1297 3335; x_wconf 89' lang='lat' dir='ltr'><strong>elo-</strong></span> 
     </span>
     <span class='ocr_line' id='line_1_30' title="bbox 343 3367 1297 3452; baseline 0.002 -20"><span class='ocrx_word' id='word_1_187' title='bbox 343 3369 494 3451; x_wconf 89' lang='lat' dir='ltr'><strong>quentia.</strong></span> <span class='ocrx_word' id='word_1_188' title='bbox 549 3368 665 3451; x_wconf 84' lang='lat' dir='ltr'><strong>Igitur</strong></span> <span class='ocrx_word' id='word_1_189' title='bbox 696 3367 888 3432; x_wconf 91' lang='lat' dir='ltr'><strong>Novembri</strong></span> <span class='ocrx_word' id='word_1_190' title='bbox 910 3389 1040 3446; x_wconf 92' lang='lat' dir='ltr'><strong>mense,</strong></span> <span class='ocrx_word' id='word_1_191' title='bbox 1062 3370 1098 3432; x_wconf 93' lang='lat' dir='ltr'><strong>in</strong></span> <span class='ocrx_word' id='word_1_192' title='bbox 1121 3390 1191 3452; x_wconf 95' lang='lat' dir='ltr'><strong>quo</strong></span> <span class='ocrx_word' id='word_1_193' title='bbox 1214 3390 1297 3434; x_wconf 90' lang='lat' dir='ltr'><strong>con-</strong></span> 
     </span>
     <span class='ocr_line' id='line_1_31' title="bbox 343 3468 1295 3551; baseline 0 -19"><span class='ocrx_word' id='word_1_194' title='bbox 343 3469 460 3532; x_wconf 91' lang='lat' dir='ltr'><strong>cilium</strong></span> <span class='ocrx_word' id='word_1_195' title='bbox 483 3476 596 3533; x_wconf 88' lang='lat' dir='ltr'><strong>actum</strong></span> <span class='ocrx_word' id='word_1_196' title='bbox 621 3468 699 3544; x_wconf 85' lang='lat' dir='ltr'><strong>suit,</strong></span> <span class='ocrx_word' id='word_1_197' title='bbox 726 3488 747 3532; x_wconf 89' lang='lat' dir='ltr'><strong>a</strong></span> <span class='ocrx_word' id='word_1_198' title='bbox 772 3469 918 3551; x_wconf 84' lang='lat' dir='ltr'><strong>singulis</strong></span> <span class='ocrx_word' id='word_1_199' title='bbox 942 3470 977 3532; x_wconf 92' lang='lat' dir='ltr'><strong>in</strong></span> <span class='ocrx_word' id='word_1_200' title='bbox 1004 3488 1068 3532; x_wconf 91' lang='lat' dir='ltr'><strong>sua</strong></span> <span class='ocrx_word' id='word_1_201' title='bbox 1093 3469 1295 3534; x_wconf 88' lang='lat' dir='ltr'><strong>discessum.</strong></span> 
     </span>
     <span class='ocr_line' id='line_1_32' title="bbox 344 3562 1297 3653; baseline 0.001 -21"><span class='ocrx_word' id='word_1_202' title='bbox 344 3567 587 3652; x_wconf 88' lang='lat' dir='ltr'><strong>Continuoque</strong></span> <span class='ocrx_word' id='word_1_203' title='bbox 604 3568 697 3632; x_wconf 86' lang='lat' dir='ltr'><strong>sama</strong></span> <span class='ocrx_word' id='word_1_204' title='bbox 719 3569 812 3645; x_wconf 92' lang='lat' dir='ltr'><strong>boni,</strong></span> <span class='ocrx_word' id='word_1_205' title='bbox 830 3575 942 3632; x_wconf 91' lang='lat' dir='ltr'><strong>totum</strong></span> <span class='ocrx_word' id='word_1_206' title='bbox 959 3562 1140 3652; x_wconf 73' lang='lat' dir='ltr'><strong>*perlapsa</strong></span> <span class='ocrx_word' id='word_1_207' title='bbox 1161 3590 1224 3653; x_wconf 86' lang='lat' dir='ltr'><strong>per</strong></span> <span class='ocrx_word' id='word_1_208' title='bbox 1239 3591 1297 3634; x_wconf 92' lang='lat' dir='ltr'><strong>or·</strong></span> 
     </span>
     <span class='ocr_line' id='line_1_33' title="bbox 342 3668 1294 3747; baseline 0.004 -15"><span class='ocrx_word' id='word_1_209' title='bbox 342 3669 432 3747; x_wconf 89' lang='lat' dir='ltr'><strong>bem,</strong></span> <span class='ocrx_word' id='word_1_210' title='bbox 458 3670 551 3734; x_wconf 92' lang='lat' dir='ltr'><strong>dulci</strong></span> <span class='ocrx_word' id='word_1_211' title='bbox 577 3668 854 3733; x_wconf 86' lang='lat' dir='ltr'><strong>Christianorum</strong></span> <span class='ocrx_word' id='word_1_212' title='bbox 883 3670 1018 3733; x_wconf 90' lang='lat' dir='ltr'><strong>animos</strong></span> <span class='ocrx_word' id='word_1_213' title='bbox 1043 3669 1163 3734; x_wconf 89' lang='lat' dir='ltr'><strong>infecit</strong></span> <span class='ocrx_word' id='word_1_214' title='bbox 1185 3689 1294 3736; x_wconf 85' lang='lat' dir='ltr'><strong>aura:</strong></span> 
     </span>
    </p>
   </div>
   <div class='ocr_carea' id='block_1_3' title="bbox 342 3922 1298 4268">
    <p class='ocr_par' dir='ltr' id='par_1_5' title="bbox 342 3922 1298 4268">
     <span class='ocr_line' id='line_1_34' title="bbox 379 3922 1298 3990; baseline 0.003 -17"><span class='ocrx_word' id='word_1_215' title='bbox 379 3922 386 3952; x_wconf 95' lang='lat'>¹</span> <span class='ocrx_word' id='word_1_216' title='bbox 397 3925 628 3988; x_wconf 64' lang='lat' dir='ltr'><strong>contemptoribus]</strong></span> <span class='ocrx_word' id='word_1_217' title='bbox 644 3923 677 3973; x_wconf 94' lang='lat' dir='ltr'><strong>A.</strong></span> <span class='ocrx_word' id='word_1_218' title='bbox 687 3925 716 3974; x_wconf 85' lang='lat' dir='ltr'><strong>C.</strong></span> <span class='ocrx_word' id='word_1_219' title='bbox 729 3923 764 3975; x_wconf 89' lang='lat' dir='ltr'><strong>D.</strong></span> <span class='ocrx_word' id='word_1_220' title='bbox 772 3925 805 3975; x_wconf 87' lang='grc' dir='ltr'><strong>Ε.</strong></span> <span class='ocrx_word' id='word_1_221' title='bbox 865 3922 957 3973; x_wconf 82' lang='lat' dir='ltr'><strong>³Rexit</strong></span> <span class='ocrx_word' id='word_1_222' title='bbox 962 3924 1298 3990; x_wconf 60' lang='lat' dir='ltr'><strong>prudentiumuxiteluquen-</strong></span> 
     </span>
     <span class='ocr_line' id='line_1_35' title="bbox 342 3993 1297 4060; baseline 0.001 -15"><span class='ocrx_word' id='word_1_223' title='bbox 342 3996 388 4056; x_wconf 71' lang='lat'><strong>1..;</strong></span> <span class='ocrx_word' id='word_1_224' title='bbox 405 4011 463 4045; x_wconf 92' lang='lat' dir='ltr'><strong>cum</strong></span> <span class='ocrx_word' id='word_1_225' title='bbox 474 3997 638 4057; x_wconf 85' lang='lat' dir='ltr'><strong>temporibus,</strong></span> <span class='ocrx_word' id='word_1_226' title='bbox 650 3995 680 4045; x_wconf 82' lang='lat' dir='ltr'><strong>S.</strong></span> <span class='ocrx_word' id='word_1_227' title='bbox 829 3994 888 4058; x_wconf 71' lang='lat' dir='ltr'><strong>tie]</strong></span> <span class='ocrx_word' id='word_1_228' title='bbox 900 3993 1037 4045; x_wconf 69' lang='lat' dir='ltr'><strong>Anac.</strong></span> <span class='ocrx_word' id='word_1_229' title='bbox 1047 4012 1054 4056; x_wconf 81' lang='lat'><em>3</em></span> <span class='ocrx_word' id='word_1_230' title='bbox 1066 3997 1140 4044; x_wconf 85' lang='lat' dir='ltr'><strong>auxit</strong></span> <span class='ocrx_word' id='word_1_231' title='bbox 1150 3997 1297 4060; x_wconf 87' lang='lat' dir='ltr'><strong>prudentia,</strong></span> 
     </span>
     <span class='ocr_line' id='line_1_36' title="bbox 828 4066 1146 4127; baseline 0.003 -12"><span class='ocrx_word' id='word_1_232' title='bbox 828 4066 895 4115; x_wconf 83' lang='lat' dir='ltr'><strong>rexit</strong></span> <span class='ocrx_word' id='word_1_233' title='bbox 906 4067 1060 4127; x_wconf 87' lang='lat' dir='ltr'><strong>eloquentia,</strong></span> <span class='ocrx_word' id='word_1_234' title='bbox 1071 4066 1100 4116; x_wconf 77' lang='lat' dir='ltr'><strong>S.</strong></span> <span class='ocrx_word' id='word_1_235' title='bbox 1115 4068 1146 4117; x_wconf 85' lang='lat' dir='ltr'><strong>G.</strong></span> 
     </span>
     <span class='ocr_line' id='line_1_37' title="bbox 376 4130 1297 4203; baseline 0.003 -19"><span class='ocrx_word' id='word_1_236' title='bbox 376 4130 507 4203; x_wconf 75' lang='lat' dir='ltr'><strong>’Affusi.]</strong></span> <span class='ocrx_word' id='word_1_237' title='bbox 526 4135 555 4185; x_wconf 84' lang='lat' dir='ltr'><strong>S.</strong></span> <span class='ocrx_word' id='word_1_238' title='bbox 575 4137 622 4195; x_wconf 86' lang='lat' dir='ltr'><strong>C.;</strong></span> <span class='ocrx_word' id='word_1_239' title='bbox 640 4134 759 4197; x_wconf 84' lang='lat' dir='ltr'><strong>acclines,</strong></span> <span class='ocrx_word' id='word_1_240' title='bbox 773 4135 803 4186; x_wconf 86' lang='lat' dir='ltr'><strong>A.</strong></span> <span class='ocrx_word' id='word_1_241' title='bbox 864 4133 873 4162; x_wconf 88' lang='lat'><strong>⁴</strong></span> <span class='ocrx_word' id='word_1_242' title='bbox 885 4136 1026 4200; x_wconf 63' lang='lat' dir='ltr'><strong>Pelopea]</strong></span> <span class='ocrx_word' id='word_1_243' title='bbox 1043 4135 1077 4186; x_wconf 89' lang='lat' dir='ltr'><strong>A.</strong></span> <span class='ocrx_word' id='word_1_244' title='bbox 1091 4135 1127 4190; x_wconf 89' lang='lat' dir='ltr'><strong>D.</strong></span> <span class='ocrx_word' id='word_1_245' title='bbox 1139 4138 1172 4189; x_wconf 87' lang='grc' dir='ltr'><strong>Ε.</strong></span> <span class='ocrx_word' id='word_1_246' title='bbox 1185 4137 1233 4199; x_wconf 87' lang='lat' dir='ltr'><strong>L.;</strong></span> <span class='ocrx_word' id='word_1_247' title='bbox 1256 4138 1297 4191; x_wconf 88' lang='lat' dir='ltr'><strong>di·</strong></span> 
     </span>
     <span class='ocr_line' id='line_1_38' title="bbox 342 4205 997 4268; baseline 0.003 -13"><span class='ocrx_word' id='word_1_248' title='bbox 342 4206 377 4256; x_wconf 90' lang='lat' dir='ltr'><strong>D.</strong></span> <span class='ocrx_word' id='word_1_249' title='bbox 389 4206 436 4268; x_wconf 85' lang='lat' dir='ltr'><strong>L.;</strong></span> <span class='ocrx_word' id='word_1_250' title='bbox 454 4206 530 4255; x_wconf 85' lang='lat' dir='ltr'><strong>affusi</strong></span> <span class='ocrx_word' id='word_1_251' title='bbox 540 4207 578 4255; x_wconf 82' lang='lat' dir='ltr'><strong>vel</strong></span> <span class='ocrx_word' id='word_1_252' title='bbox 589 4205 709 4267; x_wconf 84' lang='lat' dir='ltr'><strong>acclines,</strong></span> <span class='ocrx_word' id='word_1_253' title='bbox 721 4206 753 4256; x_wconf 82' lang='lat' dir='ltr'><strong>E.</strong></span> <span class='ocrx_word' id='word_1_254' title='bbox 828 4205 911 4267; x_wconf 88' lang='lat' dir='ltr'><strong>lapsa,</strong></span> <span class='ocrx_word' id='word_1_255' title='bbox 924 4205 952 4255; x_wconf 83' lang='lat' dir='ltr'><strong>S.</strong></span> <span class='ocrx_word' id='word_1_256' title='bbox 967 4209 997 4257; x_wconf 86' lang='lat' dir='ltr'><strong>C.</strong></span> 
     </span>
    </p>
   </div>
   <div class='ocr_carea' id='block_1_4' title="bbox 0 0 1438 4868">
    <p class='ocr_par' dir='ltr' id='par_1_6' title="bbox 0 0 1438 4868">
     <span class='ocr_line' id='line_1_39' title="bbox 0 0 1438 4868; baseline 0 0"><span class='ocrx_word' id='word_1_257' title='bbox 0 0 1438 4868; x_wconf 95' lang='lat' dir='ltr'><strong> </strong></span> 
     </span>
    </p>
   </div>
  </div>
 </body>
</html>
