<?xml version="1.0" encoding="UTF-8"?>
<!DOCTYPE html PUBLIC "-//W3C//DTD XHTML 1.0 Transitional//EN"
    "http://www.w3.org/TR/xhtml1/DTD/xhtml1-transitional.dtd">
<html xmlns="http://www.w3.org/1999/xhtml" xml:lang="en" lang="en">
 <head>
  <title>
</title>
<meta http-equiv="Content-Type" content="text/html;charset=utf-8" />
  <meta name='ocr-system' content='tesseract 3.04.00' />
  <meta name='ocr-capabilities' content='ocr_page ocr_carea ocr_par ocr_line ocrx_word'/>
</head>
<body>
  <div class='ocr_page' id='page_1' title='image "./gestaregumanglo00willgoog_0073.png"; bbox 0 0 2866 4868; ppageno 0'>
   <div class='ocr_carea' id='block_1_1' title="bbox 340 399 1301 481">
    <p class='ocr_par' dir='ltr' id='par_1_1' title="bbox 340 399 1301 481">
     <span class='ocr_line' id='line_1_1' title="bbox 340 399 1301 481; baseline -0.001 -18"><span class='ocrx_word' id='word_1_1' title='bbox 340 399 407 463; x_wconf 84' lang='grc'>450</span> <span class='ocrx_word' id='word_1_2' title='bbox 569 412 683 461; x_wconf 78' lang='lat' dir='ltr'>nnsrn</span> <span class='ocrx_word' id='word_1_3' title='bbox 705 411 833 460; x_wconf 81' lang='lat' dir='ltr'>aucun</span> <span class='ocrx_word' id='word_1_4' title='bbox 854 410 1070 461; x_wconf 80' lang='lat' dir='ltr'>nnoronuu.</span> <span class='ocrx_word' id='word_1_5' title='bbox 1138 399 1225 481; x_wconf 80' lang='lat' dir='ltr'>[nra.</span> <span class='ocrx_word' id='word_1_6' title='bbox 1245 414 1301 464; x_wconf 82' lang='lat'>111;</span> 
     </span>
    </p>
   </div>
   <div class='ocr_carea' id='block_1_2' title="bbox 340 570 1299 1050">
    <p class='ocr_par' dir='ltr' id='par_1_2' title="bbox 340 570 1299 1050">
     <span class='ocr_line' id='line_1_2' title="bbox 340 570 1299 655; baseline 0.002 -19"><span class='ocrx_word' id='word_1_7' title='bbox 340 572 453 650; x_wconf 91' lang='lat' dir='ltr'>linus;</span> <span class='ocrx_word' id='word_1_8' title='bbox 471 570 572 655; x_wconf 88' lang='lat' dir='ltr'>cujus</span> <span class='ocrx_word' id='word_1_9' title='bbox 586 572 678 636; x_wconf 92' lang='lat' dir='ltr'>bona</span> <span class='ocrx_word' id='word_1_10' title='bbox 694 589 812 653; x_wconf 87' lang='lat' dir='ltr'>opera,</span> <span class='ocrx_word' id='word_1_11' title='bbox 826 570 954 634; x_wconf 84' lang='lat' dir='ltr'>famam</span> <span class='ocrx_word' id='word_1_12' title='bbox 970 570 1159 649; x_wconf 88' lang='lat' dir='ltr'>vincentia,</span> <span class='ocrx_word' id='word_1_13' title='bbox 1175 579 1299 638; x_wconf 84' lang='lat' dir='ltr'>vetus-</span> 
     </span>
     <span class='ocr_line' id='line_1_3' title="bbox 341 670 1297 754; baseline 0.002 -18"><span class='ocrx_word' id='word_1_14' title='bbox 341 679 449 737; x_wconf 82' lang='lat' dir='ltr'>tatem</span> <span class='ocrx_word' id='word_1_15' title='bbox 466 671 650 736; x_wconf 86' lang='lat' dir='ltr'>oblivionis</span> <span class='ocrx_word' id='word_1_16' title='bbox 666 689 741 735; x_wconf 90' lang='lat' dir='ltr'>ase</span> <span class='ocrx_word' id='word_1_17' title='bbox 758 670 927 754; x_wconf 86' lang='lat' dir='ltr'>repellent</span> <span class='ocrx_word' id='word_1_18' title='bbox 944 672 1110 752; x_wconf 83' lang='lat' dir='ltr'>quamdiu</span> <span class='ocrx_word' id='word_1_19' title='bbox 1126 672 1175 737; x_wconf 93' lang='lat' dir='ltr'>ibi</span> <span class='ocrx_word' id='word_1_20' title='bbox 1191 672 1297 738; x_wconf 73' lang='lat' dir='ltr'>sedes</span> 
     </span>
     <span class='ocr_line' id='line_1_4' title="bbox 341 769 1298 860; baseline 0.002 -23"><span class='ocrx_word' id='word_1_21' title='bbox 341 772 547 854; x_wconf 90' lang='lat' dir='ltr'>episcopalis</span> <span class='ocrx_word' id='word_1_22' title='bbox 578 772 738 836; x_wconf 90' lang='lat' dir='ltr'>durabit:</span> <span class='ocrx_word' id='word_1_23' title='bbox 770 771 807 834; x_wconf 94' lang='lat' dir='ltr'>in</span> <span class='ocrx_word' id='word_1_24' title='bbox 835 769 962 834; x_wconf 86' lang='lat' dir='ltr'>Cantia</span> <span class='ocrx_word' id='word_1_25' title='bbox 989 769 1205 837; x_wconf 84' lang='lat' dir='ltr'>Lanfrancus</span> <span class='ocrx_word' id='word_1_26' title='bbox 1232 773 1298 860; x_wconf 88' lang='lat' dir='ltr'>(de</span> 
     </span>
     <span class='ocr_line' id='line_1_5' title="bbox 341 867 1297 958; baseline 0.001 -21"><span class='ocrx_word' id='word_1_27' title='bbox 341 893 410 955; x_wconf 92' lang='lat' dir='ltr'>quo</span> <span class='ocrx_word' id='word_1_28' title='bbox 436 891 543 956; x_wconf 88' lang='lat' dir='ltr'>supra</span> <span class='ocrx_word' id='word_1_29' title='bbox 571 869 676 958; x_wconf 85' lang='lat' dir='ltr'>dixi),</span> <span class='ocrx_word' id='word_1_30' title='bbox 712 872 771 956; x_wconf 94' lang='lat' dir='ltr'>qui</span> <span class='ocrx_word' id='word_1_31' title='bbox 807 871 889 936; x_wconf 84' lang='lat' dir='ltr'>talis</span> <span class='ocrx_word' id='word_1_32' title='bbox 921 867 1060 954; x_wconf 82' lang='lat' dir='ltr'>Angliae</span> <span class='ocrx_word' id='word_1_33' title='bbox 1096 872 1165 937; x_wconf 93' lang='lat' dir='ltr'>Dei</span> <span class='ocrx_word' id='word_1_34' title='bbox 1201 873 1297 939; x_wconf 93' lang='lat' dir='ltr'>dono</span> 
     </span>
     <span class='ocr_line' id='line_1_6' title="bbox 342 967 509 1050; baseline -0.018 -11"><span class='ocrx_word' id='word_1_35' title='bbox 342 967 509 1050; x_wconf 86' lang='lat' dir='ltr'>¹emicuit,</span> 
     </span>
    </p>
   </div>
   <div class='ocr_carea' id='block_1_3' title="bbox 413 1117 1243 1303">
    <p class='ocr_par' dir='ltr' id='par_1_3' title="bbox 413 1117 1243 1303">
     <span class='ocr_line' id='line_1_7' title="bbox 413 1117 1233 1202; baseline -0.005 -14"><span class='ocrx_word' id='word_1_36' title='bbox 413 1127 423 1156; x_wconf 90' lang='lat'><em>‘</em></span> <span class='ocrx_word' id='word_1_37' title='bbox 439 1120 563 1201; x_wconf 84' lang='lat' dir='ltr'>Qualis</span> <span class='ocrx_word' id='word_1_38' title='bbox 580 1118 769 1185; x_wconf 89' lang='lat' dir='ltr'>discutiens</span> <span class='ocrx_word' id='word_1_39' title='bbox 784 1117 955 1202; x_wconf 83' lang='lat' dir='ltr'>fugientia</span> <span class='ocrx_word' id='word_1_40' title='bbox 972 1118 1111 1184; x_wconf 84' lang='lat' dir='ltr'>Lucifer</span> <span class='ocrx_word' id='word_1_41' title='bbox 1124 1128 1233 1200; x_wconf 88' lang='lat' dir='ltr'>astra,</span> 
     </span>
     <span class='ocr_line' id='line_1_8' title="bbox 492 1219 1243 1303; baseline -0.004 -18"><span class='ocrx_word' id='word_1_42' title='bbox 492 1220 581 1285; x_wconf 87' lang='lat' dir='ltr'>Cum</span> <span class='ocrx_word' id='word_1_43' title='bbox 598 1239 697 1285; x_wconf 91' lang='lat' dir='ltr'>roseo</span> <span class='ocrx_word' id='word_1_44' title='bbox 714 1220 845 1284; x_wconf 88' lang='lat' dir='ltr'>clarum</span> <span class='ocrx_word' id='word_1_45' title='bbox 862 1219 1022 1303; x_wconf 89' lang='lat' dir='ltr'>provehit</span> <span class='ocrx_word' id='word_1_46' title='bbox 1040 1240 1099 1284; x_wconf 88' lang='lat' dir='ltr'>ore</span> <span class='ocrx_word' id='word_1_47' title='bbox 1115 1220 1206 1285; x_wconf 91' lang='lat' dir='ltr'>diem</span> <span class='ocrx_word' id='word_1_48' title='bbox 1220 1221 1243 1302; x_wconf 89' lang='lat'>;’</span> 
     </span>
    </p>
   </div>
   <div class='ocr_carea' id='block_1_4' title="bbox 177 1367 1295 3653">
    <p class='ocr_par' dir='ltr' id='par_1_4' title="bbox 338 1367 1295 3152">
     <span class='ocr_line' id='line_1_9' title="bbox 339 1367 1295 1452; baseline 0.002 -19"><span class='ocrx_word' id='word_1_49' title='bbox 339 1369 392 1433; x_wconf 87' lang='lat' dir='ltr'>ita</span> <span class='ocrx_word' id='word_1_50' title='bbox 407 1369 516 1452; x_wconf 89' lang='lat' dir='ltr'>ipsius</span> <span class='ocrx_word' id='word_1_51' title='bbox 535 1367 709 1433; x_wconf 89' lang='lat' dir='ltr'>industria</span> <span class='ocrx_word' id='word_1_52' title='bbox 724 1368 955 1433; x_wconf 91' lang='lat' dir='ltr'>monasticum</span> <span class='ocrx_word' id='word_1_53' title='bbox 972 1389 1113 1451; x_wconf 84' lang='lat' dir='ltr'>germen</span> <span class='ocrx_word' id='word_1_54' title='bbox 1130 1369 1295 1450; x_wconf 88' lang='lat' dir='ltr'>effloruit,</span> 
     </span>
     <span class='ocr_line' id='line_1_10' title="bbox 339 1468 1293 1554; baseline 0.001 -21"><span class='ocrx_word' id='word_1_55' title='bbox 339 1469 392 1533; x_wconf 91' lang='lat' dir='ltr'>ita</span> <span class='ocrx_word' id='word_1_56' title='bbox 414 1489 456 1534; x_wconf 93' lang='lat' dir='ltr'>eo</span> <span class='ocrx_word' id='word_1_57' title='bbox 471 1469 610 1534; x_wconf 85' lang='lat' dir='ltr'>vivente</span> <span class='ocrx_word' id='word_1_58' title='bbox 625 1469 726 1552; x_wconf 82' lang='lat' dir='ltr'>vigor</span> <span class='ocrx_word' id='word_1_59' title='bbox 745 1468 956 1552; x_wconf 88' lang='lat' dir='ltr'>pontificalis</span> <span class='ocrx_word' id='word_1_60' title='bbox 981 1470 1149 1535; x_wconf 90' lang='lat' dir='ltr'>induruit.</span> <span class='ocrx_word' id='word_1_61' title='bbox 1201 1469 1293 1554; x_wconf 89' lang='lat' dir='ltr'>Ejus</span> 
     </span>
     <span class='ocr_line' id='line_1_11' title="bbox 340 1569 1291 1653; baseline 0.001 -20"><span class='ocrx_word' id='word_1_62' title='bbox 340 1570 486 1633; x_wconf 91' lang='lat' dir='ltr'>consilio</span> <span class='ocrx_word' id='word_1_63' title='bbox 508 1589 572 1633; x_wconf 84' lang='lat' dir='ltr'>rex</span> <span class='ocrx_word' id='word_1_64' title='bbox 597 1589 744 1652; x_wconf 92' lang='lat' dir='ltr'>pronum</span> <span class='ocrx_word' id='word_1_65' title='bbox 761 1587 799 1632; x_wconf 90' lang='lat' dir='ltr'>se</span> <span class='ocrx_word' id='word_1_66' title='bbox 816 1569 957 1647; x_wconf 87' lang='lat' dir='ltr'>fecerat,</span> <span class='ocrx_word' id='word_1_67' title='bbox 985 1577 1026 1633; x_wconf 89' lang='lat' dir='ltr'>ut</span> <span class='ocrx_word' id='word_1_68' title='bbox 1047 1569 1134 1634; x_wconf 92' lang='lat' dir='ltr'>nibil</span> <span class='ocrx_word' id='word_1_69' title='bbox 1156 1589 1291 1653; x_wconf 79' lang='lat' dir='ltr'>negan-</span> 
     </span>
     <span class='ocr_line' id='line_1_12' title="bbox 340 1668 1292 1754; baseline 0.003 -22"><span class='ocrx_word' id='word_1_70' title='bbox 340 1669 424 1732; x_wconf 92' lang='lat' dir='ltr'>dum</span> <span class='ocrx_word' id='word_1_71' title='bbox 439 1670 580 1733; x_wconf 89' lang='lat' dir='ltr'>duceret</span> <span class='ocrx_word' id='word_1_72' title='bbox 597 1669 689 1752; x_wconf 92' lang='lat' dir='ltr'>quod</span> <span class='ocrx_word' id='word_1_73' title='bbox 712 1670 742 1732; x_wconf 91' lang='lat' dir='ltr'>is</span> <span class='ocrx_word' id='word_1_74' title='bbox 759 1668 954 1733; x_wconf 88' lang='lat' dir='ltr'>faciendum</span> <span class='ocrx_word' id='word_1_75' title='bbox 976 1668 1116 1734; x_wconf 90' lang='lat' dir='ltr'>diceret.</span> <span class='ocrx_word' id='word_1_76' title='bbox 1170 1668 1292 1754; x_wconf 90' lang='lat' dir='ltr'>Ipsius</span> 
     </span>
     <span class='ocr_line' id='line_1_13' title="bbox 341 1769 1291 1854; baseline 0.003 -21"><span class='ocrx_word' id='word_1_77' title='bbox 341 1770 445 1833; x_wconf 88' lang='lat' dir='ltr'>etiarn</span> <span class='ocrx_word' id='word_1_78' title='bbox 462 1769 615 1852; x_wconf 91' lang='lat' dir='ltr'>impulsu</span> <span class='ocrx_word' id='word_1_79' title='bbox 637 1770 804 1833; x_wconf 88' lang='lat' dir='ltr'>ambitum</span> <span class='ocrx_word' id='word_1_80' title='bbox 822 1770 1030 1834; x_wconf 88' lang='lat' dir='ltr'>nebulonum</span> <span class='ocrx_word' id='word_1_81' title='bbox 1045 1769 1208 1852; x_wconf 78' lang='lat' dir='ltr'>fregerat,</span> <span class='ocrx_word' id='word_1_82' title='bbox 1227 1772 1291 1854; x_wconf 92' lang='lat' dir='ltr'>qui</span> 
     </span>
     <span class='ocr_line' id='line_1_14' title="bbox 339 1868 1293 1953; baseline 0.002 -20"><span class='ocrx_word' id='word_1_83' title='bbox 339 1877 506 1934; x_wconf 88' lang='lat' dir='ltr'>consueto</span> <span class='ocrx_word' id='word_1_84' title='bbox 525 1890 620 1933; x_wconf 89' lang='lat' dir='ltr'>more</span> <span class='ocrx_word' id='word_1_85' title='bbox 640 1870 811 1953; x_wconf 87' lang='lat' dir='ltr'>mancipia</span> <span class='ocrx_word' id='word_1_86' title='bbox 826 1889 891 1932; x_wconf 88' lang='lat' dir='ltr'>sua</span> <span class='ocrx_word' id='word_1_87' title='bbox 909 1868 1116 1934; x_wconf 85' lang='lat' dir='ltr'>Hiberniam</span> <span class='ocrx_word' id='word_1_88' title='bbox 1129 1869 1293 1935; x_wconf 84' lang='lat' dir='ltr'>vendita-</span> 
     </span>
     <span class='ocr_line' id='line_1_15' title="bbox 339 1969 1291 2053; baseline 0.001 -20"><span class='ocrx_word' id='word_1_89' title='bbox 339 1971 446 2033; x_wconf 84' lang='lat' dir='ltr'>bant:</span> <span class='ocrx_word' id='word_1_90' title='bbox 466 1969 565 2053; x_wconf 83' lang='lat' dir='ltr'>cujus</span> <span class='ocrx_word' id='word_1_91' title='bbox 582 1969 666 2034; x_wconf 83' lang='lat' dir='ltr'>facti</span> <span class='ocrx_word' id='word_1_92' title='bbox 679 1970 889 2052; x_wconf 87' lang='lat' dir='ltr'>praeconium</span> <span class='ocrx_word' id='word_1_93' title='bbox 906 1969 962 2033; x_wconf 91' lang='lat' dir='ltr'>cui</span> <span class='ocrx_word' id='word_1_94' title='bbox 978 1970 1094 2052; x_wconf 92' lang='lat' dir='ltr'>potius</span> <span class='ocrx_word' id='word_1_95' title='bbox 1108 1971 1291 2053; x_wconf 89' lang='lat' dir='ltr'>imputem,</span> 
     </span>
     <span class='ocr_line' id='line_1_16' title="bbox 341 2068 1291 2153; baseline 0.002 -20"><span class='ocrx_word' id='word_1_96' title='bbox 341 2068 537 2134; x_wconf 88' lang='lat' dir='ltr'>Lanfranco</span> <span class='ocrx_word' id='word_1_97' title='bbox 559 2089 604 2134; x_wconf 90' lang='lat' dir='ltr'>an</span> <span class='ocrx_word' id='word_1_98' title='bbox 620 2069 1014 2152; x_wconf 83' lang='lat' dir='ltr'>WulstanoWigorniae</span> <span class='ocrx_word' id='word_1_99' title='bbox 1038 2070 1199 2148; x_wconf 91' lang='lat' dir='ltr'>antistiti,</span> <span class='ocrx_word' id='word_1_100' title='bbox 1223 2091 1291 2153; x_wconf 90' lang='lat' dir='ltr'>pro</span> 
     </span>
     <span class='ocr_line' id='line_1_17' title="bbox 339 2169 1292 2252; baseline 0.002 -18"><span class='ocrx_word' id='word_1_101' title='bbox 339 2189 423 2234; x_wconf 89' lang='lat' dir='ltr'>vero</span> <span class='ocrx_word' id='word_1_102' title='bbox 440 2189 510 2234; x_wconf 91' lang='lat' dir='ltr'>non</span> <span class='ocrx_word' id='word_1_103' title='bbox 527 2170 695 2245; x_wconf 90' lang='lat' dir='ltr'>discerno,</span> <span class='ocrx_word' id='word_1_104' title='bbox 712 2171 772 2252; x_wconf 94' lang='lat' dir='ltr'>qui</span> <span class='ocrx_word' id='word_1_105' title='bbox 794 2189 922 2252; x_wconf 82' lang='lat' dir='ltr'>regem,</span> <span class='ocrx_word' id='word_1_106' title='bbox 948 2189 1011 2252; x_wconf 90' lang='lat' dir='ltr'>pro</span> <span class='ocrx_word' id='word_1_107' title='bbox 1034 2169 1213 2235; x_wconf 91' lang='lat' dir='ltr'>commodo</span> <span class='ocrx_word' id='word_1_108' title='bbox 1230 2191 1292 2236; x_wconf 84' lang='lat' dir='ltr'>ve-</span> 
     </span>
     <span class='ocr_line' id='line_1_18' title="bbox 339 2268 1291 2353; baseline 0.005 -22"><span class='ocrx_word' id='word_1_109' title='bbox 339 2269 495 2333; x_wconf 84' lang='lat' dir='ltr'>nalitatis</span> <span class='ocrx_word' id='word_1_110' title='bbox 512 2268 604 2351; x_wconf 94' lang='lat' dir='ltr'>quod</span> <span class='ocrx_word' id='word_1_111' title='bbox 628 2270 694 2333; x_wconf 91' lang='lat' dir='ltr'>sibi</span> <span class='ocrx_word' id='word_1_112' title='bbox 720 2270 971 2353; x_wconf 83' lang='lat' dir='ltr'>pensitabatur,</span> <span class='ocrx_word' id='word_1_113' title='bbox 996 2270 1201 2334; x_wconf 88' lang='lat' dir='ltr'>renitentem</span> <span class='ocrx_word' id='word_1_114' title='bbox 1226 2271 1291 2337; x_wconf 85' lang='lat' dir='ltr'>vix</span> 
     </span>
     <span class='ocr_line' id='line_1_19' title="bbox 340 2368 1292 2452; baseline 0.002 -20"><span class='ocrx_word' id='word_1_115' title='bbox 340 2369 385 2432; x_wconf 91' lang='lat' dir='ltr'>ad</span> <span class='ocrx_word' id='word_1_116' title='bbox 412 2368 477 2433; x_wconf 91' lang='lat' dir='ltr'>hoc</span> <span class='ocrx_word' id='word_1_117' title='bbox 505 2371 694 2451; x_wconf 82' lang='lat' dir='ltr'>coegerint,</span> <span class='ocrx_word' id='word_1_118' title='bbox 719 2371 786 2434; x_wconf 91' lang='lat' dir='ltr'>nisi</span> <span class='ocrx_word' id='word_1_119' title='bbox 811 2369 903 2452; x_wconf 93' lang='lat' dir='ltr'>quod</span> <span class='ocrx_word' id='word_1_120' title='bbox 930 2369 1146 2434; x_wconf 82' lang='lat' dir='ltr'>Lanfrancus</span> <span class='ocrx_word' id='word_1_121' title='bbox 1168 2370 1292 2435; x_wconf 90' lang='lat' dir='ltr'>lauda-</span> 
     </span>
     <span class='ocr_line' id='line_1_20' title="bbox 340 2468 1290 2553; baseline 0.002 -20"><span class='ocrx_word' id='word_1_122' title='bbox 340 2468 429 2533; x_wconf 90' lang='lat' dir='ltr'>verit</span> <span class='ocrx_word' id='word_1_123' title='bbox 454 2468 659 2534; x_wconf 88' lang='lat' dir='ltr'>Wulstanus</span> <span class='ocrx_word' id='word_1_124' title='bbox 684 2471 899 2553; x_wconf 72' lang='lat' dir='ltr'>praeceperit,</span> <span class='ocrx_word' id='word_1_125' title='bbox 922 2471 1129 2535; x_wconf 89' lang='lat' dir='ltr'>auctoritate</span> <span class='ocrx_word' id='word_1_126' title='bbox 1154 2471 1290 2553; x_wconf 91' lang='lat' dir='ltr'>episco-</span> 
     </span>
     <span class='ocr_line' id='line_1_21' title="bbox 339 2569 1290 2653; baseline 0.004 -21"><span class='ocrx_word' id='word_1_127' title='bbox 339 2569 411 2651; x_wconf 90' lang='lat' dir='ltr'>pali</span> <span class='ocrx_word' id='word_1_128' title='bbox 440 2590 503 2653; x_wconf 89' lang='lat' dir='ltr'>pro</span> <span class='ocrx_word' id='word_1_129' title='bbox 533 2571 745 2634; x_wconf 89' lang='lat' dir='ltr'>conscientia</span> <span class='ocrx_word' id='word_1_130' title='bbox 770 2570 966 2634; x_wconf 88' lang='lat' dir='ltr'>sanctitatis</span> <span class='ocrx_word' id='word_1_131' title='bbox 997 2569 1134 2635; x_wconf 89' lang='lat' dir='ltr'>abunde</span> <span class='ocrx_word' id='word_1_132' title='bbox 1161 2573 1290 2636; x_wconf 85' lang='lat' dir='ltr'>exube-</span> 
     </span>
     <span class='ocr_line' id='line_1_22' title="bbox 339 2670 1290 2754; baseline 0.006 -23"><span class='ocrx_word' id='word_1_133' title='bbox 339 2689 442 2750; x_wconf 84' lang='lat' dir='ltr'>rans3</span> <span class='ocrx_word' id='word_1_134' title='bbox 466 2670 569 2734; x_wconf 91' lang='lat' dir='ltr'>homo</span> <span class='ocrx_word' id='word_1_135' title='bbox 597 2690 666 2752; x_wconf 94' lang='lat' dir='ltr'>quo</span> <span class='ocrx_word' id='word_1_136' title='bbox 688 2671 803 2734; x_wconf 91' lang='lat' dir='ltr'>nullus</span> <span class='ocrx_word' id='word_1_137' title='bbox 830 2689 983 2753; x_wconf 90' lang='lat' dir='ltr'>unquam</span> <span class='ocrx_word' id='word_1_138' title='bbox 1003 2670 1144 2754; x_wconf 88' lang='lat' dir='ltr'>justior,</span> <span class='ocrx_word' id='word_1_139' title='bbox 1170 2672 1290 2737; x_wconf 89' lang='lat' dir='ltr'>nullus</span> 
     </span>
     <span class='ocr_line' id='line_1_23' title="bbox 340 2770 1291 2855; baseline 0.002 -23"><span class='ocrx_word' id='word_1_140' title='bbox 340 2777 458 2834; x_wconf 91' lang='lat' dir='ltr'>nostro</span> <span class='ocrx_word' id='word_1_141' title='bbox 475 2770 592 2835; x_wconf 89' lang='lat' dir='ltr'>seculo</span> <span class='ocrx_word' id='word_1_142' title='bbox 610 2790 674 2853; x_wconf 89' lang='lat' dir='ltr'>par</span> <span class='ocrx_word' id='word_1_143' title='bbox 689 2771 740 2835; x_wconf 95' lang='lat' dir='ltr'>illi</span> <span class='ocrx_word' id='word_1_144' title='bbox 754 2771 952 2854; x_wconf 88' lang='lat' dir='ltr'>apparuerit</span> <span class='ocrx_word' id='word_1_145' title='bbox 965 2771 1208 2836; x_wconf 88' lang='lat' dir='ltr'>miraculorum</span> <span class='ocrx_word' id='word_1_146' title='bbox 1226 2792 1291 2855; x_wconf 86' lang='lat' dir='ltr'>po-</span> 
     </span>
     <span class='ocr_line' id='line_1_24' title="bbox 339 2870 1291 2955; baseline 0.004 -23"><span class='ocrx_word' id='word_1_147' title='bbox 339 2871 450 2933; x_wconf 92' lang='lat' dir='ltr'>tentia</span> <span class='ocrx_word' id='word_1_148' title='bbox 476 2878 512 2934; x_wconf 90' lang='lat' dir='ltr'>et</span> <span class='ocrx_word' id='word_1_149' title='bbox 534 2870 729 2953; x_wconf 91' lang='lat' dir='ltr'>prophetali</span> <span class='ocrx_word' id='word_1_150' title='bbox 755 2871 881 2953; x_wconf 80' lang='lat' dir='ltr'>gratia,</span> <span class='ocrx_word' id='word_1_151' title='bbox 911 2890 1058 2952; x_wconf 86' lang='lat' dir='ltr'>quorum</span> <span class='ocrx_word' id='word_1_152' title='bbox 1090 2871 1208 2955; x_wconf 91' lang='lat' dir='ltr'>aliqua</span> <span class='ocrx_word' id='word_1_153' title='bbox 1234 2873 1291 2936; x_wconf 90' lang='lat' dir='ltr'>in-</span> 
     </span>
     <span class='ocr_line' id='line_1_25' title="bbox 338 2968 1290 3052; baseline 0.005 -19"><span class='ocrx_word' id='word_1_154' title='bbox 338 2968 443 3034; x_wconf 91' lang='lat' dir='ltr'>tendo</span> <span class='ocrx_word' id='word_1_155' title='bbox 458 2969 570 3034; x_wconf 89' lang='lat' dir='ltr'>dicere</span> <span class='ocrx_word' id='word_1_156' title='bbox 585 2971 757 3052; x_wconf 87' lang='lat' dir='ltr'>posterius</span> <span class='ocrx_word' id='word_1_157' title='bbox 774 2972 805 3036; x_wconf 89' lang='lat' dir='ltr'>si</span> <span class='ocrx_word' id='word_1_158' title='bbox 819 2977 936 3035; x_wconf 84' lang='lat' dir='ltr'>tamen</span> <span class='ocrx_word' id='word_1_159' title='bbox 949 2971 1176 3036; x_wconf 89' lang='lat' dir='ltr'>sanctissimis</span> <span class='ocrx_word' id='word_1_160' title='bbox 1193 2972 1290 3038; x_wconf 90' lang='lat' dir='ltr'>illius</span> 
     </span>
     <span class='ocr_line' id='line_1_26' title="bbox 338 3069 692 3152; baseline 0.006 -19"><span class='ocrx_word' id='word_1_161' title='bbox 338 3069 509 3152; x_wconf 87' lang='lat' dir='ltr'>placuerit</span> <span class='ocrx_word' id='word_1_162' title='bbox 522 3071 692 3135; x_wconf 89' lang='lat' dir='ltr'>sensibus.</span> 
     </span>
    </p>

    <p class='ocr_par' dir='ltr' id='par_1_5' title="bbox 177 3163 1290 3653">
     <span class='ocr_line' id='line_1_27' title="bbox 177 3163 1289 3253; baseline 0.004 -19"><span class='ocrx_word' id='word_1_163' title='bbox 177 3194 232 3234; x_wconf 75' lang='lat' dir='ltr'>nn.</span> <span class='ocrx_word' id='word_1_164' title='bbox 243 3195 299 3236; x_wconf 80' lang='lat' dir='ltr'>nu.</span> <span class='ocrx_word' id='word_1_165' title='bbox 389 3169 499 3253; x_wconf 64' lang='lat'><strong>5270.</strong></span> <span class='ocrx_word' id='word_1_166' title='bbox 523 3168 774 3245; x_wconf 90' lang='lat' dir='ltr'>Veruntamen,</span> <span class='ocrx_word' id='word_1_167' title='bbox 792 3168 875 3252; x_wconf 93' lang='lat' dir='ltr'>quia</span> <span class='ocrx_word' id='word_1_168' title='bbox 890 3169 967 3233; x_wconf 93' lang='lat' dir='ltr'>alea</span> <span class='ocrx_word' id='word_1_169' title='bbox 984 3163 1132 3234; x_wconf 80' lang='lat' dir='ltr'>fortunae</span> <span class='ocrx_word' id='word_1_170' title='bbox 1146 3171 1289 3238; x_wconf 87' lang='lat' dir='ltr'>incertis</span> 
     </span>
     <span class='ocr_line' id='line_1_28' title="bbox 333 3263 1289 3353; baseline 0.006 -21"><span class='ocrx_word' id='word_1_171' title='bbox 333 3268 487 3353; x_wconf 90' lang='lat' dir='ltr'>jactibus</span> <span class='ocrx_word' id='word_1_172' title='bbox 513 3271 678 3346; x_wconf 86' lang='lat' dir='ltr'>volvitur,</span> <span class='ocrx_word' id='word_1_173' title='bbox 700 3269 810 3333; x_wconf 90' lang='lat' dir='ltr'>multa</span> <span class='ocrx_word' id='word_1_174' title='bbox 839 3277 923 3333; x_wconf 91' lang='lat' dir='ltr'>tunc</span> <span class='ocrx_word' id='word_1_175' title='bbox 944 3263 1116 3353; x_wconf 86' lang='lat' dir='ltr'>²tempore</span> <span class='ocrx_word' id='word_1_176' title='bbox 1139 3272 1289 3338; x_wconf 86' lang='lat' dir='ltr'>adversa</span> 
     </span>
     <span class='ocr_line' id='line_1_29' title="bbox 337 3364 1290 3451; baseline 0.006 -19"><span class='ocrx_word' id='word_1_177' title='bbox 337 3389 535 3451; x_wconf 87' lang='lat' dir='ltr'>pervenere.</span> <span class='ocrx_word' id='word_1_178' title='bbox 587 3364 717 3434; x_wconf 79' lang='lat' dir='ltr'>³Foeda</span> <span class='ocrx_word' id='word_1_179' title='bbox 738 3370 829 3433; x_wconf 90' lang='lat' dir='ltr'>inter</span> <span class='ocrx_word' id='word_1_180' title='bbox 851 3371 1012 3434; x_wconf 90' lang='lat' dir='ltr'>abbatem</span> <span class='ocrx_word' id='word_1_181' title='bbox 1034 3370 1229 3437; x_wconf 85' lang='lat' dir='ltr'>Glastoniae</span> <span class='ocrx_word' id='word_1_182' title='bbox 1252 3380 1290 3438; x_wconf 89' lang='lat' dir='ltr'>et</span> 
     </span>
     <span class='ocr_line' id='line_1_30' title="bbox 336 3469 1289 3554; baseline 0.005 -22"><span class='ocrx_word' id='word_1_183' title='bbox 336 3470 524 3535; x_wconf 87' lang='lat' dir='ltr'>monachos</span> <span class='ocrx_word' id='word_1_184' title='bbox 546 3470 623 3554; x_wconf 87' lang='lat' dir='ltr'>ejus</span> <span class='ocrx_word' id='word_1_185' title='bbox 649 3469 834 3547; x_wconf 90' lang='lat' dir='ltr'>discordia,</span> <span class='ocrx_word' id='word_1_186' title='bbox 859 3470 911 3533; x_wconf 88' lang='lat' dir='ltr'>ita</span> <span class='ocrx_word' id='word_1_187' title='bbox 938 3477 978 3533; x_wconf 90' lang='lat' dir='ltr'>ut</span> <span class='ocrx_word' id='word_1_188' title='bbox 1005 3479 1086 3553; x_wconf 90' lang='lat' dir='ltr'>post</span> <span class='ocrx_word' id='word_1_189' title='bbox 1102 3473 1289 3538; x_wconf 86' lang='lat' dir='ltr'>verborum</span> 
     </span>
     <span class='ocr_line' id='line_1_31' title="bbox 336 3569 1286 3653; baseline 0.005 -20"><span class='ocrx_word' id='word_1_190' title='bbox 336 3569 415 3633; x_wconf 88' lang='lat' dir='ltr'>lites</span> <span class='ocrx_word' id='word_1_191' title='bbox 433 3571 477 3634; x_wconf 91' lang='lat' dir='ltr'>ad</span> <span class='ocrx_word' id='word_1_192' title='bbox 495 3590 592 3634; x_wconf 91' lang='lat' dir='ltr'>arma</span> <span class='ocrx_word' id='word_1_193' title='bbox 608 3578 750 3635; x_wconf 87' lang='lat' dir='ltr'>ventum</span> <span class='ocrx_word' id='word_1_194' title='bbox 772 3571 830 3634; x_wconf 87' lang='lat' dir='ltr'>sit.</span> <span class='ocrx_word' id='word_1_195' title='bbox 883 3570 1005 3636; x_wconf 90' lang='lat' dir='ltr'>Coacti</span> <span class='ocrx_word' id='word_1_196' title='bbox 1022 3591 1105 3653; x_wconf 85' lang='lat' dir='ltr'>ergo</span> <span class='ocrx_word' id='word_1_197' title='bbox 1120 3572 1214 3636; x_wconf 88' lang='lat' dir='ltr'>intra</span> <span class='ocrx_word' id='word_1_198' title='bbox 1227 3593 1286 3638; x_wconf 87' lang='lat' dir='ltr'>ec·</span> 
     </span>
    </p>
   </div>
   <div class='ocr_carea' id='block_1_5' title="bbox 336 3811 1288 3950">
    <p class='ocr_par' dir='ltr' id='par_1_6' title="bbox 336 3811 1288 3950">
     <span class='ocr_line' id='line_1_32' title="bbox 372 3811 1288 3883; baseline 0.002 -19"><span class='ocrx_word' id='word_1_199' title='bbox 372 3811 527 3883; x_wconf 76' lang='lat' dir='ltr'>¹limicuit.]</span> <span class='ocrx_word' id='word_1_200' title='bbox 550 3814 584 3868; x_wconf 75' lang='lat' dir='ltr'>A.</span> <span class='ocrx_word' id='word_1_201' title='bbox 600 3816 629 3867; x_wconf 80' lang='lat' dir='ltr'>S.</span> <span class='ocrx_word' id='word_1_202' title='bbox 648 3817 683 3867; x_wconf 89' lang='lat' dir='ltr'>D.</span> <span class='ocrx_word' id='word_1_203' title='bbox 701 3818 734 3866; x_wconf 88' lang='grc' dir='ltr'>Ε.</span> <span class='ocrx_word' id='word_1_204' title='bbox 751 3817 799 3877; x_wconf 77' lang='lat' dir='ltr'>L.;</span> <span class='ocrx_word' id='word_1_205' title='bbox 825 3814 851 3862; x_wconf 88' lang='lat' dir='ltr'>in</span> <span class='ocrx_word' id='word_1_206' title='bbox 873 3813 915 3864; x_wconf 91' lang='lat' dir='ltr'>the</span> <span class='ocrx_word' id='word_1_207' title='bbox 932 3829 994 3876; x_wconf 86' lang='lat' dir='ltr'>year</span> <span class='ocrx_word' id='word_1_208' title='bbox 1013 3818 1086 3864; x_wconf 78' lang='lat'>1⁰8³.</span> <span class='ocrx_word' id='word_1_209' title='bbox 1121 3813 1147 3863; x_wconf 93' lang='lat' dir='ltr'>It</span> <span class='ocrx_word' id='word_1_210' title='bbox 1163 3827 1244 3865; x_wconf 86' lang='lat' dir='ltr'>seems</span> <span class='ocrx_word' id='word_1_211' title='bbox 1260 3819 1288 3866; x_wconf 87' lang='lat' dir='ltr'>to</span> 
     </span>
     <span class='ocr_line' id='line_1_33' title="bbox 336 3884 1288 3950; baseline 0.001 -15"><span class='ocrx_word' id='word_1_212' title='bbox 336 3887 466 3950; x_wconf 86' lang='lat' dir='ltr'>apparuit,</span> <span class='ocrx_word' id='word_1_213' title='bbox 479 3887 510 3937; x_wconf 87' lang='lat' dir='ltr'>C.</span> <span class='ocrx_word' id='word_1_214' title='bbox 823 3884 888 3933; x_wconf 88' lang='lat' dir='ltr'>have</span> <span class='ocrx_word' id='word_1_215' title='bbox 922 3886 1006 3934; x_wconf 85' lang='lat' dir='ltr'>ariseu</span> <span class='ocrx_word' id='word_1_216' title='bbox 1039 3884 1103 3933; x_wconf 81' lang='lat' dir='ltr'>from</span> <span class='ocrx_word' id='word_1_217' title='bbox 1138 3885 1181 3934; x_wconf 86' lang='lat' dir='ltr'>the</span> <span class='ocrx_word' id='word_1_218' title='bbox 1208 3887 1288 3936; x_wconf 87' lang='lat' dir='ltr'>abbot</span> 
     </span>
    </p>
   </div>
   <div class='ocr_carea' id='block_1_6' title="bbox 333 3953 1287 4297">
    <p class='ocr_par' dir='ltr' id='par_1_7' title="bbox 834 3955 1287 4006">
     <span class='ocr_line' id='line_1_34' title="bbox 834 3955 1287 4006; baseline 0.009 -4"><span class='ocrx_word' id='word_1_219' title='bbox 834 3955 960 4004; x_wconf 83' lang='lat' dir='ltr'>Thurstan</span> <span class='ocrx_word' id='word_1_220' title='bbox 990 3959 1065 4004; x_wconf 87' lang='lat' dir='ltr'>attem</span> <span class='ocrx_word' id='word_1_221' title='bbox 1084 3956 1120 4003; x_wconf 89' lang='lat' dir='ltr'>tin</span> <span class='ocrx_word' id='word_1_222' title='bbox 1161 3960 1187 4005; x_wconf 85' lang='lat' dir='ltr'>to</span> <span class='ocrx_word' id='word_1_223' title='bbox 1208 3956 1287 4006; x_wconf 75' lang='lat' dir='ltr'>inho-</span> 
     </span>
    </p>

    <p class='ocr_par' dir='ltr' id='par_1_8' title="bbox 371 3953 1284 4107">
     <span class='ocr_line' id='line_1_35' title="bbox 371 3953 1284 4107; baseline 0.007 -37"><span class='ocrx_word' id='word_1_224' title='bbox 371 3985 528 4107; x_wconf 41' lang='lat' dir='ltr'>wudz&amp;</span> <span class='ocrx_word' id='word_1_225' title='bbox 551 3987 585 4040; x_wconf 61' lang='grc' dir='ltr'>Δ·</span> <span class='ocrx_word' id='word_1_226' title='bbox 600 3991 630 4040; x_wconf 72' lang='lat' dir='ltr'>c*</span> <span class='ocrx_word' id='word_1_227' title='bbox 646 3989 681 4039; x_wconf 70' lang='lat' dir='ltr'>D·</span> <span class='ocrx_word' id='word_1_228' title='bbox 698 3990 732 4039; x_wconf 75' lang='grc' dir='ltr'>Ε·</span> <span class='ocrx_word' id='word_1_229' title='bbox 749 3988 797 4051; x_wconf 76' lang='lat' dir='ltr'>L.;</span> <span class='ocrx_word' id='word_1_230' title='bbox 821 3953 886 4074; x_wconf 71' lang='lat' dir='ltr'>hace</span> <span class='ocrx_word' id='word_1_231' title='bbox 903 4040 920 4075; x_wconf 86' lang='lat' dir='ltr'>a</span> <span class='ocrx_word' id='word_1_232' title='bbox 936 3953 994 4074; x_wconf 76' lang='lat' dir='ltr'>ne)w</span> <span class='ocrx_word' id='word_1_233' title='bbox 1005 3971 1089 4087; x_wconf 57' lang='lat' dir='ltr'>chanlt),</span> <span class='ocrx_word' id='word_1_234' title='bbox 1100 3969 1209 4088; x_wconf 59' lang='lat' dir='ltr'>br‘ought</span> <span class='ocrx_word' id='word_1_235' title='bbox 1219 4026 1284 4076; x_wconf 86' lang='lat' dir='ltr'>from</span> 
     </span>
    </p>

    <p class='ocr_par' dir='ltr' id='par_1_9' title="bbox 334 4063 1285 4160">
     <span class='ocr_line' id='line_1_36' title="bbox 334 4063 1285 4160; baseline 0.009 -23"><span class='ocrx_word' id='word_1_236' title='bbox 334 4063 464 4121; x_wconf 41' lang='lat' dir='ltr'>“mmuh</span> <span class='ocrx_word' id='word_1_237' title='bbox 498 4094 504 4110; x_wconf 89' lang='grc'>·</span> <span class='ocrx_word' id='word_1_238' title='bbox 821 4095 952 4158; x_wconf 87' lang='lat' dir='ltr'>Fesoamp,</span> <span class='ocrx_word' id='word_1_239' title='bbox 971 4096 1070 4144; x_wconf 70' lang='lat' dir='ltr'>instead</span> <span class='ocrx_word' id='word_1_240' title='bbox 1090 4095 1119 4143; x_wconf 85' lang='lat' dir='ltr'>of</span> <span class='ocrx_word' id='word_1_241' title='bbox 1131 4095 1174 4144; x_wconf 89' lang='lat' dir='ltr'>the</span> <span class='ocrx_word' id='word_1_242' title='bbox 1186 4096 1285 4160; x_wconf 76' lang='lat' dir='ltr'>Grego-</span> 
     </span>
    </p>

    <p class='ocr_par' dir='ltr' id='par_1_10' title="bbox 333 4157 1283 4297">
     <span class='ocr_line' id='line_1_37' title="bbox 369 4157 1283 4232; baseline 0.011 -25"><span class='ocrx_word' id='word_1_243' title='bbox 369 4157 380 4190; x_wconf 80' lang='lat'>⁸</span> <span class='ocrx_word' id='word_1_244' title='bbox 399 4160 475 4209; x_wconf 83' lang='lat' dir='ltr'>Foedu</span> <span class='ocrx_word' id='word_1_245' title='bbox 496 4195 543 4211; x_wconf 82' lang='lat'>...</span> <span class='ocrx_word' id='word_1_246' title='bbox 561 4157 703 4232; x_wconf 69' lang='lat' dir='ltr'>discordia]</span> <span class='ocrx_word' id='word_1_247' title='bbox 733 4162 795 4212; x_wconf 80' lang='lat' dir='ltr'>This</span> <span class='ocrx_word' id='word_1_248' title='bbox 819 4166 884 4229; x_wconf 86' lang='lat' dir='ltr'>rian,</span> <span class='ocrx_word' id='word_1_249' title='bbox 905 4170 931 4213; x_wconf 89' lang='lat' dir='ltr'>to</span> <span class='ocrx_word' id='word_1_250' title='bbox 952 4165 1037 4214; x_wconf 87' lang='lat' dir='ltr'>which</span> <span class='ocrx_word' id='word_1_251' title='bbox 1054 4165 1097 4214; x_wconf 85' lang='lat' dir='ltr'>the</span> <span class='ocrx_word' id='word_1_252' title='bbox 1119 4166 1209 4217; x_wconf 74' lang='lat' dir='ltr'>monks</span> <span class='ocrx_word' id='word_1_253' title='bbox 1230 4167 1283 4218; x_wconf 82' lang='lat' dir='ltr'>bad</span> 
     </span>
     <span class='ocr_line' id='line_1_38' title="bbox 333 4231 1062 4297; baseline 0.011 -18"><span class='ocrx_word' id='word_1_254' title='bbox 333 4231 488 4295; x_wconf 79' lang='lat' dir='ltr'>disgracelul</span> <span class='ocrx_word' id='word_1_255' title='bbox 505 4233 647 4282; x_wconf 86' lang='lat' dir='ltr'>contention</span> <span class='ocrx_word' id='word_1_256' title='bbox 661 4233 795 4297; x_wconf 84' lang='lat' dir='ltr'>happened</span> <span class='ocrx_word' id='word_1_257' title='bbox 819 4237 882 4287; x_wconf 81' lang='lat' dir='ltr'>been</span> <span class='ocrx_word' id='word_1_258' title='bbox 892 4235 1062 4287; x_wconf 81' lang='lat' dir='ltr'>accustomed.</span> 
     </span>
    </p>
   </div>
   <div class='ocr_carea' id='block_1_7' title="bbox 0 0 1438 4868">
    <p class='ocr_par' dir='ltr' id='par_1_11' title="bbox 0 0 1438 4868">
     <span class='ocr_line' id='line_1_39' title="bbox 0 0 1438 4868; baseline 0 1"><span class='ocrx_word' id='word_1_259' title='bbox 0 0 1438 4868; x_wconf 95' lang='lat' dir='ltr'> </span> 
     </span>
    </p>
   </div>
  </div>
 </body>
</html>
