2866 4868
181 595 268 635 councll
277 599 298 634 at

182 645 322 686 winchester.

186 2200 244 2250 sept.
255 2201 273 2239 l.

185 2297 242 2346 Sept.
252 2298 284 2335 30.

185 2347 234 2386 Earl
245 2348 323 2386 Robert

185 2397 265 2436 arrives
274 2397 296 2436 ln

187 2447 284 2496 Englnnd

187 2496 239 2535 with
248 2497 285 2536 the

186 2557 287 2596 empress.

340 400 406 465 724
627 414 798 464 rnsronm
822 415 999 464 novrum.
1146 399 1235 482 [mn.
1252 413 1290 461 11.

341 583 452 653 esset3
477 593 538 638 seu
557 574 720 656 quoniam
734 572 906 650 audirent,
921 570 1061 653 quidam
1075 570 1181 634 etiam
1198 569 1292 634 vide·

341 683 430 751 rent,
455 673 590 756 gladios
614 674 707 737 circa
735 691 773 737 se
805 672 938 736 nudari.
997 671 1080 736 Non
1102 670 1196 735 enim
1216 669 1291 754 jan

341 774 475 837 ludicra
500 780 598 839 erant
613 773 732 850 verba,
747 771 808 836 sed
825 771 868 836 de
884 772 958 837 vita
972 778 1007 835 et
1022 771 1193 853 sanguine
1205 761 1305 853 pene

342 875 551 939 certabatur.
605 873 687 938 Non
718 872 909 939 omiserunt
938 879 1055 936 tamen
1085 871 1224 954 legatus
1257 877 1293 934 et

343 973 623 1056 archiepiscopus
638 973 723 1057 quin
736 979 890 1037 tenorem
907 969 1010 1036 officii
1028 971 1082 1035 sui
1103 989 1291 1055 proseque-

343 1080 480 1138 rentur:
505 1072 707 1156 suppliciter
732 1073 822 1136 enim
849 1070 994 1155 pedibus
1016 1071 1108 1153 regis
1132 1071 1170 1135 in
1196 1070 1291 1135 cubi·

344 1174 422 1238 culo
453 1172 566 1251 affusi,
594 1180 782 1238 oraverunt
808 1177 848 1234 ut
878 1171 1098 1259 misereretur
1123 1168 1290 1248 ecclesiae,

343 1273 563 1337 misereretur
587 1273 711 1337 animae
735 1278 771 1336 et
792 1269 895 1334 famae
915 1290 1000 1348 suae,
1024 1289 1087 1333 nec
1113 1277 1292 1353 pateretur

343 1373 417 1437 fieri
433 1372 612 1436 dissidium
629 1373 875 1454 interregnum
890 1377 925 1435 et
941 1369 1184 1434 sacerdotium.
1227 1370 1292 1434 Ille
1354 1372 1358 1379 ’

342 1472 528 1554 dignanter
551 1491 750 1555 assurgens,
776 1471 934 1554 quamvis
959 1489 981 1535 a
1003 1488 1041 1534 se
1067 1469 1152 1533 facti
1173 1488 1292 1534 eorum

343 1572 543 1636 amoliretur
561 1573 741 1650 invidiam,
764 1570 933 1635 malorum
956 1577 1073 1634 tamen
1092 1577 1292 1653 praeventus

342 1671 507 1748 consiliiS,
525 1673 656 1737 nullam
668 1674 837 1738 bonorum
851 1669 1118 1754 promissionum
1135 1669 1294 1735 exhibuit

345 1771 542 1837 efficaciam.

346 1959 392 2005 DE
414 1959 587 2010 anvhN‘rU
611 1960 873 2009 IMPERATRIOIS
896 1962 941 2009 ΕΤ
965 1961 1122 2011 ROBER'I'I
1147 1962 1294 2011 corssrts

693 2062 732 2109 IN
755 2061 931 2110 Artemam.

397 2166 486 2251 §2st
513 2166 683 2232 Kalendis
707 2168 919 2252 Septembris
942 2169 1093 2233 solutum
1111 2176 1165 2233 est
1181 2171 1294 2234 conci-

345 2267 438 2331 lium.
491 2267 608 2333 Pridie
625 2288 708 2333 vero
724 2267 951 2333 kalendarum
963 2268 1167 2333 Octobrium
1181 2289 1294 2334 eomes

347 2368 535 2446 RobertuS‚
548 2368 686 2432 tandem
701 2387 813 2432 nexus
827 2387 1000 2433 morarum
1016 2366 1202 2446 eluctatnS,
1217 2389 1294 2434 cum

345 2487 462 2532 sorore
488 2468 705 2550 imperatrice
731 2468 889 2534 invectus
919 2475 973 2532 est
997 2465 1151 2551 Angliae,
1183 2467 1293 2534 fretus

345 2567 474 2648 pietate
489 2566 557 2631 Dei
572 2576 606 2632 et
625 2567 692 2631 fide
706 2566 853 2651 legitimi
868 2567 1094 2633 sacramenti:
1117 2574 1293 2648 caeterum,

345 2668 454 2732 multo
470 2667 602 2732 minore
618 2686 791 2732 armornm
806 2674 977 2752 apparatu
993 2687 1096 2752 quam
1111 2668 1190 2750 quis
1206 2667 1295 2733 alius

344 2773 417 2830 tam
443 2767 674 2850 periculosum
700 2767 829 2832 bellum
859 2766 1002 2850 aggredi
1029 2773 1193 2846 tentaret,
1225 2788 1294 2833 non

345 2868 437 2930 enim
464 2868 648 2950 plusquam
679 2874 818 2931 centum
847 2873 883 2931 et
905 2866 1137 2950 quadraginta
1167 2866 1294 2932 milites

345 2974 428 3031 tunc
457 2958 573 3031 secum
601 2965 761 3032 adduxit.
822 2965 1038 3032 Testimonio
1063 2956 1319 3044 veridicorum

344 3065 532 3131 relatorum
562 3086 674 3131 sermo
702 3085 798 3131 meus
829 3066 960 3131 nititur.
1024 3066 1197 3144 Dicerem,
1229 3068 1295 3132 nisi
1331 3110 1334 3114 ,

345 3164 499 3230 adulatio
529 3166 716 3244 videretur,
747 3186 817 3230 non
848 3166 1015 3249 imparem
1043 3165 1151 3230 fuisse
1181 3160 1294 3231 ¹illum

345 3263 368 3329 J
371 3264 442 3328 ulio
460 3264 591 3330 Caesari
606 3265 780 3331 duntaxat
796 3266 922 3343 animo,
938 3285 1041 3350 quem
1056 3265 1159 3330 Titus
1174 3265 1296 3333 Livius

345 3372 591 3429 commemorat
617 3366 768 3448 quinque
798 3366 911 3429 solnm
939 3365 1100 3430 cohortes
1132 3365 1295 3431 habuisse

343 3465 482 3547 quando
498 3465 599 3529 civile
611 3465 739 3528 bellum
752 3465 929 3529 inchoavit
942 3484 951 3544 3
975 3484 1054 3529 curn
1069 3465 1208 3548 quibus,
1227 3459 1295 3530 ²in-

344 3565 478 3645 quienS,
500 3566 617 3629 orbem
641 3571 810 3629 terrarum
836 3563 979 3629 adortus
1006 3571 1070 3628 est.
1124 3562 1294 3645 Quamvis

343 3662 464 3745 iniqua
489 3664 745 3746 comparatione
770 3662 887 3728 Julius
915 3670 951 3728 et
976 3664 1153 3728 Robertus
1179 3665 1295 3730 confe-

344 3769 484 3826 rantur:
508 3762 625 3828 Julius
645 3763 747 3841 enim,
766 3782 856 3828 verae
882 3762 962 3827 fidei
983 3763 1148 3842 extorris,
1169 3763 1206 3828 in
1223 3765 1294 3831 for·

344 3866 429 3924 tuna
452 3880 516 3926 sua
537 3861 594 3949 (ut
616 3860 770 3949 dicebat)
795 3871 830 3928 et
855 3863 1030 3945 legionum
1047 3863 1176 3928 virtute
1197 3883 1295 3947 spem

378 4149 385 4178 ¹
398 4151 494 4215 Illum]
511 4152 560 4213 E.;
576 4152 680 4201 omitted
691 4152 715 4200 in
730 4153 758 4202 S.
768 4152 803 4203 D.
865 4148 1020 4215 'loquium
1031 4150 1094 4200 This
1102 4149 1175 4200 word
1186 4164 1296 4212 appears

342 4222 396 4272 ha.
829 4221 980 4271 redundant.
