2866 4868
185 411 348 492 ura.1n.]
473 428 647 476 nrsronm
671 428 848 475 novrum.
1071 412 1137 477 759

184 587 449 670 imperatricem,
473 587 662 670 praemisit3
697 587 822 669 quibus
849 580 1281 669 ¹praetergressis,neu1›nu2·

185 694 225 751 ut
245 688 320 771 jam
346 693 423 752 tuto
448 693 590 771 possent
611 687 769 764 evadere,
786 688 860 770 ipse
886 688 1013 750 sensim
1037 688 1131 771 equi·
1145 657 1291 748 {frigidiu-

185 794 276 865 tans,
291 807 334 851 ne
349 788 470 852 similis
488 787 580 870 fugae
601 787 768 870 profectio
788 794 978 870 putaretur,
993 788 1133 852 admisit
1145 755 1277 849 mareon

185 889 221 952 in
243 908 280 952 se
306 888 584 971 persequentium
598 907 731 965 manus,
747 889 934 952 amicorum
955 888 1131 953 liberatio·

186 1008 263 1052 nem
291 989 535 1072 impedimento
561 1008 624 1052 suo
647 996 830 1052 mercatus.
882 987 906 1051 J
909 1007 964 1051 am
984 1008 1066 1053 vero
1094 989 1131 1051 in

185 1087 263 1172 ipsa
278 1090 438 1172 captione
454 1109 554 1154 nemo
570 1108 646 1152 eum
665 1089 722 1174 (ut
739 1096 820 1152 ante
836 1085 927 1172 dixi)
945 1089 999 1152 vel
1023 1089 1131 1151 sensit

186 1187 357 1272 dejectum
380 1191 507 1267 animo,
525 1189 581 1253 vel
606 1187 740 1252 audivit
761 1189 924 1252 humilem
948 1190 984 1251 in
1003 1189 1129 1253 verbo:

186 1288 272 1352 adeo
285 1293 393 1371 supra
407 1289 582 1353 fortunam
596 1290 745 1352 eminere
759 1289 1000 1366 videbatur,ut
1016 1307 1131 1371 perse-

187 1395 323 1453 cutores
349 1408 430 1453 suos
444 1386 543 1475 (nolo
567 1389 657 1452 enim
681 1389 794 1452 dicere
813 1385 949 1471 hostes)
969 1387 1013 1451 ad
1036 1408 1132 1452 reve-

185 1489 332 1552 rentiam
349 1489 403 1552 sui
422 1490 602 1553 excitaret.
656 1488 781 1571 Itaque
803 1491 935 1570 regina,
950 1508 1028 1571 quae
1050 1489 1131 1552 licet

185 1589 399 1653 meminisset
415 1590 526 1654 virum
543 1608 643 1652 suum
660 1589 735 1671 ejus
744 1589 845 1673 jussu
866 1588 972 1652 fuisse
996 1608 1132 1671 compe-

185 1689 307 1766 ditum,
331 1689 416 1752 nihil
438 1689 470 1753 ei
492 1709 645 1773 unquam
668 1689 883 1753 vinculorum
910 1689 1029 1753 inferri
1053 1708 1130 1771 per·

162 1838 163 1841 η
186 1789 291 1866 misit,
301 1809 365 1853 nec
382 1791 566 1873 quicquam
582 1788 799 1853 inhonestum
811 1790 853 1853 de
868 1810 932 1853 sua
949 1790 1131 1874 majestate

186 1890 426 1976 praesumpsit:
459 1890 606 1973 denique
631 1889 724 1972 apud
753 1889 1001 1954 Rovecestram
1031 1888 1131 1975 (illuc

186 1989 314 2072 quippe
332 1989 456 2054 ductus
472 1987 555 2074 fuit)
570 1990 676 2053 libere
698 1989 743 2053 ad
765 1991 927 2054 ecclesias
944 1989 1033 2053 insra
1055 2009 1131 2052 cas-

186 2089 305 2153 tellum
317 2109 385 2172 quo
404 2090 535 2154 libebat
555 2090 648 2169 ibat3
673 2096 708 2153 et
722 2091 847 2172 quibus
869 2091 996 2154 libebat
1011 2090 1129 2171 loque-

186 2190 300 2268 batur,
314 2191 392 2273 ipsa
405 2190 578 2254 duntaxat
593 2191 713 2271 regina
733 2197 925 2273 praesente:
949 2209 1029 2253 nam
1052 2195 1132 2271 post

186 2289 434 2372 profectionem
452 2291 527 2375 ejus
553 2291 589 2353 in
606 2290 729 2353 turrim
752 2291 817 2353 sub
840 2291 947 2354 libera
975 2290 1133 2354 custodia

186 2389 311 2454 ductus
337 2398 401 2468 est,
420 2390 506 2455 adeo
530 2390 692 2473 praesenti
708 2397 743 2453 et
760 2409 881 2454 securo
905 2391 1019 2454 animo
1034 2397 1073 2453 ut
1089 2391 1132 2453 ab

187 2484 382 2554 bominibus
404 2490 476 2553 suis
494 2490 536 2554 de
554 2489 681 2554 Cantia
698 2498 841 2573 accepta
860 2492 1006 2572 pecunia
1026 2510 1134 2573 equos

189 2609 258 2653 non
272 2590 372 2673 parvi
387 2591 488 2672 pretii
500 2596 727 2673 compararet,
738 2592 799 2673 qui
814 2591 846 2654 ei
862 2599 941 2674 post
957 2591 1136 2674 aliquanto

189 2697 344 2774 tempore
361 2697 396 2754 et
413 2691 491 2754 usui
506 2697 541 2754 et
557 2690 735 2755 commodo
749 2690 856 2754 fuere.

440 2884 486 2930 DE
510 2883 754 2930 LIBERA'I'IONE
777 2881 894 2930 REGIS.

242 2988 331 3073 §58-
356 2989 551 3055 Tentavere
575 2993 686 3074 primo
710 2991 865 3067 comites,
883 2997 918 3053 et
941 2989 977 3052 hi
995 3009 1139 3071 quorum

190 3089 357 3154 intererat
384 3090 426 3155 de
451 3091 579 3156 talibus
606 3091 715 3173 loqui,
736 3090 766 3152 si
788 3089 876 3154 sorte
901 3110 1016 3171 regem
1043 3097 1077 3153 et
1103 3110 1140 3152 se

192 3189 322 3254 sineret
337 3192 446 3274 aequis
464 3191 718 3256 conditionibus
733 3190 883 3254 liberari.
923 3190 1003 3254 Hoc
1020 3208 1140 3272 quam-

193 3289 246 3352 vis
270 3289 417 3355 Mabilla
434 3293 611 3356 comitissa
630 3311 702 3374 prae
725 3290 894 3354 desiderio
912 3291 978 3354 viri
1004 3293 1058 3354 sui
1072 3284 1140 3353 ²di-

192 3387 274 3453 lecti
299 3392 418 3455 statim
440 3392 603 3474 amplexa
627 3390 761 3454 nunciis
795 3391 947 3472 acceptis
979 3398 1080 3467 esset,
1106 3391 1142 3453 iu

194 3488 270 3572 ejus
284 3489 522 3556 liberationem
544 3491 721 3574 conjugali
737 3489 906 3554 charitate
929 3491 1141 3572 propensior,

193 3588 251 3652 ille
265 3590 480 3673 profundiori
497 3591 641 3656 consilio
657 3589 881 3668 contradixit,
897 3609 1013 3672 regem
1036 3597 1070 3655 et
1084 3610 1141 3654 co·

194 3689 311 3752 mitem
343 3710 413 3756 non
445 3692 589 3775 aequalis
620 3690 781 3773 ponderis
810 3710 885 3754 esse
915 3709 1139 3754 asseverans:

194 3796 371 3868 caeterum,
389 3791 419 3854 si
432 3792 670 3874 permitterent
683 3809 801 3854 omnes
816 3792 875 3872 qui
886 3790 941 3854 vel
955 3809 1071 3853 secum
1087 3789 1142 3852 vel

195 3889 249 3952 sui
264 3909 370 3954 causa
393 3892 487 3974 capti
509 3898 625 3954 essent
647 3890 798 3967 liberari,
813 3890 849 3952 id
875 3909 912 3952 se
934 3907 1035 3971 posse
1057 3890 1142 3972 pati.

231 4153 460 4228 ¹Proetergresaia.]
473 4161 522 4221 E.;
535 4174 659 4221 praegres·
718 4155 729 4188 ²
741 4156 855 4220 Dilecta]
868 4157 900 4207 E.
912 4155 1032 4217 ;0mitted
1043 4156 1069 4204 iu
1081 4156 1147 4206 Μ),

195 4228 241 4290 us,
254 4228 282 4278 s.
295 4229 397 4280 nnn
684 4229 740 4278 aa.

944 4317 1026 4361 aaz
