2866 4868
191 394 322 478 nin.1.]
479 409 654 459 msronrn
677 410 856 460 novenni.
1074 396 1142 466 703

190 570 300 634 iatum
316 576 380 634 est.
433 568 512 634 Illic
527 569 564 634 in
581 569 730 652 quodam
749 588 888 635 recessu
902 569 1057 635 ecclesiae
1069 590 1143 636 ma-

188 670 278 754 joris
300 672 531 735 exinteratum
554 676 619 748 est,
634 690 677 734 ne
692 669 920 736 diuturnitate
943 679 1142 755 corruptum

190 789 296 835 nares
330 768 555 835 assidentium
584 770 641 835 vel
671 771 860 836 astantium
891 773 1141 837 exacerbaret:

193 870 347 954 reliquiae
362 871 616 934 interaneorum
638 870 675 933 in
696 871 855 936 coenobio
872 879 1002 936 sanctae
1019 871 1143 936 Mariae

194 969 238 1034 de
263 970 381 1035 Pratis
401 969 509 1054 juxta
533 970 653 1034 urbem
680 970 852 1053 humatae3
880 971 973 1054 quod
994 973 1081 1054 ipse,
1104 979 1143 1036 ut

194 1070 310 1148 audio,
336 1089 358 1134 a
378 1075 570 1135 matresua
591 1069 803 1148 inchoatum,
816 1090 886 1135 non
908 1073 1029 1154 paucis
1051 1091 1143 1137 com-

193 1170 328 1253 pendiis
344 1171 586 1235 honoraverat.
639 1169 775 1254 Corpus
793 1170 938 1236 Cadomi
955 1179 1143 1250 servatum,

194 1289 374 1353 quousque
395 1289 535 1335 serenas
554 1289 659 1334 auras
683 1270 789 1355 paulo
808 1270 1009 1337 clementior
1023 1273 1143 1356 hyems

193 1371 383 1448 inveheret,
399 1389 477 1452 quae
492 1377 566 1435 tum
580 1389 705 1454 aspera
719 1371 933 1436 inhorrebat.

260 1558 308 1605 DE
329 1556 517 1606 STEPHANO
540 1558 635 1606 REGE
656 1558 697 1606 IN
720 1515 874 1610 REGNUM
898 1561 1078 1612 PROMOTO·

247 1665 266 1751 §
288 1667 345 1732 11.
373 1665 514 1730 Interea
536 1659 734 1749 Stephanus
766 1687 881 1733 comcs
906 1667 1086 1733 Meritonii
1109 1678 1248 1740 etstonen
1261 1692 1304 1730 ιιι]

197 1766 377 1844 Bononiae,
404 1785 512 1848 nepos
536 1767 629 1848 regis
655 1765 801 1832 Henrici
825 1766 883 1855 (ut
909 1786 1015 1851 supra
1040 1768 1145 1856 dixi),
1155 1741 1279 1830 zm„

192 1868 259 1949 ¹qui
286 1873 367 1949 post
390 1884 506 1948 regem
532 1865 659 1930 Scotiae
686 1867 818 1950 primus
842 1866 1010 1932 laicorum
1042 1868 1145 1934 iidem
1156 1841 1260 1891 agana,

197 1986 297 2031 suam
321 1965 532 2048 imperatrici
559 1966 806 2045 obstrinxerat,
835 1967 872 2030 in
896 1964 1062 2049 Angliam
1083 1989 1146 2052 per

197 2066 361 2133 Witsand
375 2066 563 2153 maturavit
579 2065 778 2131 adventum.
818 2065 1026 2149 Imperatrix
1042 2070 1145 2134 certis

198 2187 244 2232 ex
270 2167 397 2244 causis,
420 2165 523 2231 simul
545 2173 581 2231 et
597 2166 706 2231 frater
729 2166 805 2251 ejus
828 2166 1004 2231 Robertus
1030 2187 1145 2234 comes

170 2324 172 2328 .
199 2265 422 2344 Gloecestrae,
436 2286 515 2330 cum
529 2267 689 2331 omnibus
703 2286 798 2349 pene.
808 2267 1018 2349 proceribuS,
1032 2268 1145 2334 redire

196 2367 233 2431 in
248 2386 392 2449 regnum
407 2366 627 2431 distulerunt.
663 2364 835 2458 Quaedam
851 2360 983 2431 ¹tamen
1001 2368 1145 2433 castella

197 2468 234 2532 in
267 2466 495 2544 Normannia,
522 2467 614 2530 inter
632 2485 711 2549 quae
731 2466 943 2551 praecipuum
969 2467 1144 2533 Dansron-

194 2574 285 2645 tum,
314 2567 472 2650 partrbus
496 2565 643 2629 haeredis
669 2585 706 2630 se
737 2567 944 2651 appchere.
997 2566 1146 2634 Constat

198 2686 282 2732 sane
306 2667 367 2732 illo
395 2666 450 2731 die
473 2685 543 2749 quo
570 2665 770 2749 Stephanus
800 2668 967 2750 appulsus
989 2676 1043 2733 est
1069 2667 1144 2734 An·

196 2769 314 2855 giiam,
338 2786 473 2831 summo
494 2785 609 2844 mane,
629 2773 751 2831 contra
772 2774 931 2832 naturam
953 2768 1086 2852 hyemis
1107 2770 1144 2833 in

199 2868 398 2951 regionibus
421 2867 562 2944 nostris,
589 2867 813 2951 terricrepum
846 2886 967 2932 sonum
999 2870 1144 2933 tonitrui

197 2987 277 3033 cum
303 2966 474 3032 horrendo
503 2966 640 3049 fulgure
671 2965 791 3045 fuisse,
822 2974 861 3031 ut
889 2968 996 3051 paulo
1030 2969 1144 3032 minus

197 3069 346 3133 mundus
372 3067 462 3133 solvi
487 3067 730 3131 aestimaretur.
783 3066 861 3145 Ille,
884 3068 943 3131 ubi
965 3086 988 3130 a
1003 3066 1304 3133 Londo··nd1=ch0=en

198 3168 374 3234 niensibus
400 3175 436 3232 et
449 3165 750 3232 Wintoniensibus
775 3167 812 3230 in
834 3185 950 3247 regem
976 3174 1143 3250 exceptus
1155 3136 1215 3185 ΗΜ

197 3276 264 3347 est,
279 3269 385 3334 etiam
400 3267 576 3350 Rogerum
593 3266 875 3331 Salesbiriensem
889 3266 1088 3349 episcopum
1108 3274 1144 3332 et

197 3369 409 3434 Willelmum
435 3366 478 3431 de
502 3366 616 3432 Ponte
633 3365 761 3445 Arcus,
788 3367 948 3431 custodes
963 3366 1144 3431 thesauro·

198 3489 275 3534 rum
290 3467 470 3557 regalium,
487 3466 532 3530 ad
558 3487 596 3531 se
617 3467 829 3532 transduxit.
880 3466 937 3555 Ne
953 3472 1069 3530 tamen
1083 3487 1144 3532 ve·

198 3570 285 3633 ritas
310 3568 442 3634 celetur
468 3566 628 3649 posteris,
649 3585 768 3630 omnes
790 3565 866 3649 ejus
888 3573 1033 3630 conatus
1056 3567 1145 3631 irriti

198 3669 357 3746 fuissent,
380 3667 447 3730 nisi
466 3665 642 3731 Henricus
663 3665 770 3729 frater
793 3664 880 3748 ejus,
893 3664 1145 3730 Wintoniensis

197 3768 392 3852 episcopus,
415 3765 476 3849 qui
508 3759 628 3830 ²modo
662 3765 862 3849 apostolicae
889 3765 981 3829 sedis
1008 3765 1145 3848 legatus

197 3869 311 3934 estin
331 3865 473 3949 Anglia,
499 3865 672 3949 placidum
696 3866 728 3929 ei
754 3866 1007 3930 commodasset
1027 3885 1145 3930 assen-

235 4145 243 4178 ¹
257 4145 368 4208 Turrem]
387 4143 416 4195 S.
431 4144 460 4192 G.
473 4141 508 4192 D.
522 4141 546 4189 E
554 4145 578 4191 2.
590 4142 661 4203 1123
720 4138 731 4170 ²
742 4139 837 4204 Modo]
855 4140 884 4192 S.
904 4141 937 4191 E.
955 4140 1027 4204 La,
1043 4139 1148 4190 omitted

198 4217 301 4268 omitted
312 4216 339 4264 in
350 4215 374 4264 Ε
384 4217 408 4264 l.
685 4211 711 4260 in
724 4213 755 4261 C.
766 4210 801 4260 D.
1007 4216 1009 4220 ’
