2866 4868
180 420 248 466 nra.
265 403 335 484 111.]
408 419 524 469 unsri
548 420 675 469 ancum
698 421 913 471 Anononuu.
1062 407 1129 472 439

179 579 434 662 pendiariorum
460 579 675 644 conducebat
696 579 844 644 militum
866 599 911 643 ex
935 579 1028 644 omni
1050 599 1128 662 quae

179 678 267 743 citra
283 686 419 743 montes
442 685 496 743 est
519 681 708 762 provincia,
722 686 763 744 ut
782 700 901 744 eorum
924 680 1025 762 copia
1048 700 1127 761 reg·

180 798 262 842 num
277 786 460 861 gravaret3
483 779 543 842 sed
563 781 650 862 ipse,
665 800 728 863 pro
745 781 1030 861 magnanimitate
1051 798 1128 858 sua,

179 879 396 962 dispendium
411 899 641 963 expensarum
658 899 728 944 non
745 881 908 957 sentiens,
925 881 1031 944 etiam
1048 878 1128 943 Hu-

178 999 303 1061 gonem
317 979 499 1062 Magnum,
521 980 614 1062 regis
635 980 849 1044 Francorum
870 980 1025 1059 fratrem,
1047 999 1127 1043 cum

178 1079 271 1142 illius
305 1079 518 1157 commilitio,
545 1081 636 1144 inter
669 1081 836 1144 militares
867 1099 1029 1144 numeros
1060 1079 1126 1144 sibi

177 1180 387 1244 serviturum
412 1180 605 1262 redegerat.
661 1177 852 1244 Animabat
882 1186 918 1245 et
947 1179 1126 1244 excitabat

177 1279 252 1361 ipse
277 1279 441 1344 virtutem
466 1299 564 1343 suam
588 1287 731 1362 propter
749 1274 913 1345 ¹Roberti
939 1278 1125 1344 Guiscardi
1138 1303 1289 1345 nouacula-

178 1378 390 1454 memoriam,
406 1379 640 1461 pronuncians
663 1379 861 1462 pudendum
875 1379 906 1443 si
921 1379 973 1443 illi
988 1380 1125 1443 fortitu·
1137 1355 1270 1445 iilissiol'i.

177 1479 257 1542 dine
282 1479 419 1544 cederet
444 1499 546 1561 quem
568 1478 750 1544 nobilitate
772 1481 932 1563 praeiret3
956 1479 1126 1564 siquidem

178 1577 367 1657 Robertus,
384 1572 566 1644 ²mediocri
581 1580 761 1662 parentela
777 1581 814 1644 in
830 1579 1048 1644 Normannia
1069 1599 1125 1644 or·

178 1686 249 1757 tus,
275 1699 354 1762 quae
384 1698 448 1743 nec
470 1679 565 1743 humi
591 1687 726 1762 reperet
747 1700 811 1744 nec
833 1680 941 1744 altum
964 1681 1046 1763 quid
1069 1686 1125 1743 tu-

177 1785 298 1857 meret,
327 1778 448 1863 paucis
474 1786 555 1844 ante
583 1779 769 1845 adventum
797 1779 965 1845 Willelmi
988 1781 1024 1843 in
1049 1776 1124 1842 An·

178 1880 284 1962 gliam
312 1879 423 1957 annia,
457 1899 536 1943 cum
567 1879 760 1964 quindecim
794 1880 959 1944 militibus
991 1880 1125 1943 abierat

178 1977 356 2063 Apuliam,
380 1980 561 2062 penuriam
583 1981 853 2045 necessariorum
884 1982 998 2062 gentis
1031 1979 1124 2043 illius

178 2080 317 2161 ignavae
333 2079 515 2163 stipendiis
531 2088 759 2145 correcturus.
812 2079 889 2144 Nec
911 2081 1012 2144 multi
1033 2079 1125 2143 flux-

180 2186 283 2244 erunt
307 2181 389 2243 anni
411 2179 516 2262 quod,
544 2180 716 2263 stupendo
740 2181 808 2244 Dei
835 2198 988 2257 munere,
1015 2185 1125 2244 totam

179 2273 331 2344 ³terram.
346 2279 383 2343 in
398 2286 607 2363 potestatem
633 2281 786 2362 accepit:
814 2300 895 2344 nam
921 2281 980 2344 ubi
992 2279 1124 2343 viribus

178 2380 442 2458 destituebatur,
472 2380 613 2461 ingenio
645 2381 812 2459 callebat;
849 2380 977 2463 oppida
1002 2378 1124 2461 primo,

179 2500 263 2545 mox
279 2481 451 2558 civitates,
475 2500 549 2544 suae
576 2479 698 2564 ditioni
721 2480 910 2545 associans.
963 2479 1022 2543 Ita
1043 2499 1126 2561 ergo
1139 2495 1193 2536 sn.
1204 2497 1260 2536 1⁰⁶⁰-

179 2580 326 2664 profecit
350 2588 391 2645 ut
416 2599 454 2644 se
479 2581 600 2644 ducem
622 2578 763 2663 Apuliae
791 2587 826 2644 et
849 2579 1032 2656 Calabriae,
1058 2579 1128 2642 fra-

180 2687 269 2745 trem
293 2680 482 2745 Ricardum
502 2679 691 2763 principem
714 2679 858 2763 Capuae,
880 2680 1028 2744 alterum
1053 2678 1127 2743 Ro-

182 2800 303 2863 gerum
319 2781 479 2845 comitem
492 2780 632 2858 Siciliae,
648 2781 789 2847 faceret.
831 2780 1026 2856 Postremo,
1044 2779 1128 2843 data

182 2878 314 2965 Apulia
336 2881 407 2945 filio
424 2881 578 2963 Rogero,
595 2900 674 2944 cum
698 2880 808 2945 altero
832 2879 904 2945 filio
923 2877 1128 2944 Boamundo

180 2979 402 3045 Adriaticum
421 2981 568 3063 pelagus
594 2979 757 3046 transivit
770 3002 779 3061 3
803 2981 990 3062 statimque
1004 2972 1128 3044 4Dira·
1141 2994 1195 3035 an.
1206 2995 1263 3034 rou.

216 3172 337 3224 ¹Roberti
346 3174 499 3238 Guiacardi]
506 3175 559 3224 'l'he
567 3174 644 3237 birth,
704 3173 715 3206 ²
732 3175 854 3224 Mediocri
872 3174 998 3238 parentela
1018 3173 1045 3221 io
1065 3173 1131 3221 Nor·

183 3245 323 3307 character,
344 3246 395 3294 and
418 3246 472 3294 first
494 3246 590 3295 actions
618 3244 648 3294 of
668 3241 790 3313 mannia]
807 3242 1131 3306 'l'hepedigreeofltobert

183 3316 279 3365 Robert
297 3315 426 3365 Gniscard
445 3315 546 3376 maybe
565 3315 644 3363 found
668 3315 798 3366 Guiscard
819 3315 842 3363 ie
861 3313 992 3374 variously
1013 3312 1131 3362 deduced

182 3388 210 3436 in
220 3386 316 3449 Jeffrey
328 3385 467 3435 Malaterra
483 3381 543 3452 (lib.
556 3397 575 3434 1.
586 3399 643 3446 cap.
668 3387 732 3435 from
750 3386 792 3434 the
803 3388 922 3446 pensante
938 3383 989 3432 and
1005 3383 1088 3432 duker
1104 3383 1134 3431 of

184 3461 209 3519 8,
220 3461 247 3518 4,
258 3459 299 3518 11,
317 3459 359 3518 16,
371 3458 516 3518 17,1e,aa,
535 3458 576 3517 89,
587 3451 645 3522 40),
669 3455 827 3516 Normandy.
845 3455 895 3503 Hie
907 3453 1015 3516 genuine
1026 3453 1130 3502 descent

182 3528 296 3577 William
302 3526 405 3586 Apulus
412 3523 469 3592 (lib.
476 3529 645 3586 rippuoo-
668 3540 728 3588 may
738 3527 769 3576 be
781 3525 897 3575 asenbed
907 3529 933 3573 to
944 3523 986 3572 the
998 3524 1091 3572 second
1102 3537 1131 3572 or

182 3594 254 3662 262),
265 3595 378 3645 Willinm
389 3596 419 3645 oi
431 3593 574 3658 Jumidges,
584 3591 644 3661 (lib.
669 3596 764 3645 middle
774 3596 848 3644 order
865 3593 893 3645 of
906 3594 1003 3655 private
1014 3593 1130 3654 nobility.

183 3681 220 3718 xr.
230 3683 252 3718 c.
262 3670 303 3728 8⁰,
310 3682 355 3728 pp.
363 3666 560 3728 adadomedit.
570 3664 644 3715 cam·
669 3667 712 3716 He
730 3680 824 3728 sprung
842 3665 906 3714 from
925 3679 941 3713 a
960 3679 1019 3713 race
1035 3663 1065 3711 oi
1079 3665 1132 3712 cul·

184 3735 257 3802 den),
266 3737 317 3786 and
327 3737 403 3785 Anna
414 3735 542 3786 Gomnena
554 3733 646 3802 (Alex·
668 3751 773 3800 ausura,
786 3751 815 3786 or
827 3736 962 3794 bouaerets,
977 3733 1006 3784 os
1021 3734 1063 3782 the
1076 3733 1131 3781 dio·

183 3809 236 3858 iad.
247 3807 292 3856 lib.
303 3820 322 3856 1.
330 3822 374 3868 pp.
386 3809 502 3866 aa-nr3
517 3806 562 3855 lib.
573 3818 609 3853 vr.
618 3819 644 3864 p.
669 3821 725 3856 cess
736 3806 765 3855 os
773 3806 915 3856 Ooutanoes
926 3805 953 3852 in
964 3804 1055 3853 Lower
1065 3805 1131 3852 Nor·

185 3875 253 3943 165),
263 3877 326 3926 with
336 3877 379 3926 the
391 3877 547 3925 annotatione
558 3875 588 3923 oi
600 3875 645 3923 Du
668 3878 771 3938 mandy.
788 3871 884 3943 (ibid.)

208 3964 241 3998 an
259 3963 274 3996 e
289 3946 506 3996 noteinAlexiad.
549 3949 646 3995 880-

182 3947 323 4082 ξὸἏξδὲθ),
333 4017 392 4066 who
402 4016 449 4066 has
460 3961 546 4077 swebl)
558 4016 593 4064 all
603 4015 645 4063 the
669 3976 853 4099 Ἧὶαζᾝᾬ]
864 3976 909 4098 64·
928 3978 957 4028 S·
976 3977 1011 4027 D·
1029 3977 1062 4027 Ε·
1082 3975 1132 4038 L.;

184 4087 283 4138 French
299 4087 350 4136 and
361 4088 436 4136 Latin
452 4086 592 4135 chronicles
608 4084 647 4133 for
843 4083 851 4111 '
887 4083 894 4098 ‘

184 4158 369 4221 supplementa]
380 4156 548 4219 intelligence.
568 4152 647 4222 (Gib-
706 4144 943 4217 ‘Dirucbiocapto.]
952 4149 1070 4197 Durazzo
1077 4161 1132 4197 was

183 4231 243 4293 bon,
254 4229 318 4280 Dec.
331 4229 404 4279 Rom.
416 4228 491 4290 Emp.
503 4239 551 4277 vn.
561 4223 633 4290 21⁷.)
670 4223 748 4273 taken
759 4237 791 4272 on
801 4221 844 4271 the
855 4222 899 4271 ath
909 4221 971 4270 Feb.
983 4222 1056 4268 1⁰82.

960 4308 1029 4355 202
