2866 4868
179 428 249 478 cra.
265 413 338 495 nn]
412 429 526 478 casm
549 430 676 479 nucum
700 428 913 478 suononuu.
1065 411 1131 475 447

182 588 261 666 mis,
285 587 377 670 quod
403 593 525 652 sancto
550 585 728 670 Stephano
755 585 984 664 consecravit,
999 592 1132 670 'oppor-

182 688 278 752 tunis
302 687 442 773 praediis
464 694 499 751 ct
527 686 877 770 magnificentissimis
904 686 1057 752 donariis
1077 688 1131 750 in·

183 787 360 870 signitum,
371 789 431 852 ubi
448 795 483 852 et
498 787 731 851 Lanfrancum
745 788 918 865 abbatem,
931 793 1012 870 post
1025 788 1131 851 etiam

184 886 385 952 cantuariae
407 887 715 971 archiepiscopum,
739 888 912 952 instituit:
938 888 1050 951 virum
1069 907 1130 951 an·

184 989 291 1070 tiquis
305 988 451 1053 scientia
465 996 500 1053 et
517 988 685 1069 religione
706 989 987 1071 comparandum,
1000 987 1047 1051 'de
1063 1006 1132 1071 quo

184 1089 275 1152 serio
303 1089 373 1152 dici
397 1094 525 1171 potest,
540 1087 700 1152 ‘Tertius
724 1088 850 1152 ecoelo
869 1086 992 1151 cecidit
1010 1086 1099 1152 Cato
1110 1086 1132 1167 ς’

184 1188 272 1252 adeo
289 1189 442 1253 coelestis
458 1207 565 1271 sapor
578 1195 700 1270 pectus
722 1188 799 1272 ejus
819 1195 857 1252 et
872 1187 1029 1270 palatum
1044 1187 1132 1251 infe·

184 1295 280 1353 cerat
292 1309 301 1367 3
325 1288 412 1352 adeo
429 1287 603 1353 Latinitas
620 1288 732 1352 omnis
745 1289 782 1351 in
795 1287 989 1352 liberalium
1005 1287 1133 1351 artium

184 1389 377 1466 scientiam,
394 1409 457 1471 per
468 1388 660 1452 doctrinam
677 1388 813 1472 ejus,se
823 1387 1013 1466 incitabat3
1032 1387 1132 1464 adeo,

181 1489 296 1571 ipsius
317 1488 477 1572 exemplo
494 1488 550 1553 vel
572 1495 679 1565 metu,
696 1487 865 1571 professio
882 1488 1075 1552 monastica
1095 1487 1133 1550 in

186 1588 353 1669 religione
370 1589 529 1653 sudabat.
582 1587 664 1652 Non
688 1595 771 1652 tunc
798 1589 1037 1670 episcoporum
1059 1607 1133 1651 am·

180 1687 289 1764 bitus,
315 1709 385 1753 non
411 1694 495 1752 tunc
524 1689 689 1752 abbatum
711 1688 882 1752 venalitas
908 1687 1131 1771 proficiebat:

184 1788 244 1852 ille
261 1788 403 1872 majoris
419 1788 552 1871 gloriae,
566 1788 744 1871 amplioris
760 1788 884 1870 gratiae
907 1788 999 1870 apud
1016 1805 1133 1868 regem

184 1896 221 1952 et
245 1888 541 1971 archiepiscopum
567 1896 654 1965 erat,
678 1889 739 1970 qui
758 1888 942 1952 tenacioris
964 1888 1133 1951 sanctitu-

186 1987 277 2051 dinis
292 1989 488 2070 opinionem
506 1988 664 2052 habebat.
709 1985 869 2051 Alterum
886 1987 1133 2051 monasterium

190 2087 378 2170 Hastingis
395 2081 599 2152 ¹aedificavit
619 2094 742 2153 sancto
757 2088 924 2164 Martium
942 2086 1034 2169 quod
1052 2106 1135 2168 cog·

188 2188 387 2252 nominatur
401 2188 456 2252 De
477 2188 589 2265 Bello,
606 2189 689 2269 quia
711 2187 748 2250 in
770 2207 812 2251 eo
833 2188 910 2252 loco
932 2187 1133 2270 principalis

188 2288 334 2352 ccclesia
358 2288 511 2352 cernitur
535 2288 594 2352 ubi
619 2289 710 2351 inter
728 2295 907 2352 consertos
927 2287 1135 2351 cadaverum
1185 2362 1188 2366 ⁴

188 2407 332 2453 acervos
363 2387 544 2453 Haroldus
582 2388 744 2451 inventus
773 2387 878 2451 fuisse
911 2393 1133 2451 memoratur.

190 2486 286 2551 Pone
300 2507 398 2570 puer,
413 2495 449 2552 et
463 2482 673 2552 ²maturiora
689 2494 793 2551 aetate
810 2487 960 2569 sapiens,
969 2493 1132 2570 patruum

188 2606 289 2651 suum
321 2587 530 2670 Malgerium
559 2588 603 2651 ab
638 2586 936 2669 archiepiscopatu
964 2587 1132 2651 Rotoma-
1146 2601 1268 2651 malcerius.

189 2688 289 2770 gensi
309 2687 467 2753 removit.
519 2687 558 2751 Is
576 2693 652 2751 erat
674 2686 783 2749 literis
805 2686 943 2769 quidem
967 2706 1038 2749 non
1061 2706 1132 2749 me·
1145 2653 1271 2743 iiiiii?

189 2787 351 2852 diocriter
378 2789 514 2868 cultus3
537 2787 610 2864 sed,
638 2805 702 2869 pro
729 2786 897 2849 natalium
923 2785 1135 2850 conscientia

188 2886 413 2970 professionis
432 2887 571 2964 oblitus
593 2885 835 2951 venationibus
863 2892 899 2949 et
923 2885 1038 2949 avium
1060 2905 1134 2949 cer-

189 2987 376 3050 taminibus
395 2987 524 3069 saepius
536 2986 635 3069 justo
652 2979 883 3063 ³intcndebat,
899 2992 934 3049 et
950 3004 1056 3066 gazas
1079 3005 1135 3050 ec·

189 3086 401 3151 clesiasticas
435 3085 603 3150 conviviis
633 3086 884 3169 profusioribus
917 3086 1132 3149 insumebat:

189 3185 290 3269 cujus
307 3187 357 3249 rei
372 3186 466 3249 fama
487 3186 734 3263 crebrescente,
757 3193 833 3250 tota
849 3187 924 3250 vita
944 3185 1042 3268 pallii
1067 3204 1133 3248 usu

190 3286 314 3362 caruit,
346 3285 439 3368 quod
470 3291 615 3367 negaret
644 3284 743 3348 sedes
777 3285 968 3369 apostolica
994 3285 1135 3349 honoris

190 3385 336 3469 hujusce
357 3385 577 3469 privilegium
598 3384 728 3449 homini
744 3385 804 3467 qui
825 3391 1000 3448 sacratum
1024 3386 1135 3467 negli-

189 3487 295 3569 gebat
309 3484 468 3551 officium.
521 3484 624 3549 Unde
645 3485 765 3548 crebro
787 3491 990 3561 conventus,
1010 3503 1136 3567 expos·

188 3586 325 3651 tulante
341 3593 466 3668 nepote
488 3584 657 3669 patruelis
674 3584 834 3662 offensas,
851 3604 930 3648 cum
952 3583 1060 3647 nihilo
1083 3604 1136 3648 re,-

225 3876 235 3910 ¹
249 3878 411 3944 AEdijieooit]
423 3877 456 3930 A.
469 3878 498 3929 S.
510 3879 546 3928 D.
557 3879 590 3929 Ε.
602 3878 650 3938 L.;
675 3877 788 3926 William
800 3875 885 3924 Rufus
901 3873 1009 3936 stopped
1019 3879 1046 3923 at
1058 3874 1138 3924 Hast-

188 3950 338 4010 construxit,
361 3951 391 3999 C.
401 3949 571 4012 -Although
588 3948 651 3997 Wil·
675 3948 732 4009 ings
743 3961 775 3994 on
786 3945 827 3995 his
836 3960 896 4007 way
906 3949 932 3993 to
944 3945 1101 4006 Normandy.

189 4019 459 4080 liamtheConqueror
472 4018 584 4068 founded
600 4019 650 4067 and
711 4012 899 4078 ²Maturius]
927 4012 961 4064 A.
986 4015 1016 4063 0.
1034 4015 1067 4064 Ε.
1085 4014 1136 4076 L.;

190 4089 314 4139 andowed
333 4089 418 4138 Battle
429 4089 530 4150 Abbey,
548 4094 591 4150 yet
608 4088 650 4137 the
676 4087 778 4147 maturi,
789 4087 842 4146 D.;
858 4085 1002 4145 maturiore,
1013 4083 1042 4134 S.

189 4159 294 4221 church,
317 4159 453 4221 according
473 4163 500 4208 to
521 4159 651 4219 Florence,
710 4154 897 4220 'intendebam
914 4153 947 4205 A.
960 4154 989 4205 S.
998 4154 1033 4204 D.
1045 4154 1078 4206 Ε.
1087 4154 1136 4216 L.;

190 4228 651 4293 wasnotdedicatedtiillotlt,whcn
676 4227 847 4290 incumbebat,
860 4226 890 4277 C.
