2866 4868
185 439 250 485 nm.
267 424 337 505 nn]
415 439 528 488 cnsrn
552 440 684 488 nocuu-
702 440 915 490 nunnonun.
1067 426 1132 491 417

238 597 348 680 §2⁴15.
372 598 442 662 Illa
463 599 529 662 suit
545 599 617 663 dios
640 598 757 662 fatalis
775 592 943 680 'Angliaa
958 597 1132 664 funestum
1145 623 1295 664 nannenus

186 698 359 761 excidium
376 699 486 763 dulcis
502 701 637 781 patriae,
654 720 718 783 pro
733 719 901 764 novorum
918 700 1133 765 dominorum
1145 677 1287 776 idsstd'dirdfn

188 800 466 864 commutatione.
516 799 541 865 J
544 819 599 864 am
622 802 711 864 enim
734 799 866 883 pridem
887 801 1040 865 moribus
1058 799 1133 865 An-

188 898 323 979 glorum
345 901 555 979 insueverat,
578 902 638 984 qui
653 902 740 964 varii
764 900 948 965 admodum
964 921 1027 982 pro
1050 907 1134 965 tem-

188 999 328 1080 poribus
353 1000 468 1065 suere:
494 1021 587 1079 nam,
603 1001 722 1084 primis
746 1000 917 1065 adventus
942 1002 997 1066 sui
1019 1002 1133 1079 annis,

189 1099 286 1163 vultu
304 1109 340 1165 et
357 1108 458 1182 gestu
482 1102 675 1179 barbarico,
698 1121 765 1164 usu
786 1102 920 1178 bellico,
943 1102 1013 1166 ritu
1034 1102 1133 1166 fana·

187 1200 258 1263 tico
273 1201 459 1282 vivebant3
485 1202 546 1267 sed
568 1203 799 1285 postmodum,
816 1201 946 1266 Christi
967 1201 1034 1265 lide
1055 1216 1140 1267 sus·¹

186 1308 300 1383 cepta,
317 1303 485 1384 paulatim
508 1311 544 1367 et
568 1323 630 1385 per
650 1303 861 1366 incrementa
877 1303 1054 1386 temporis
1070 1323 1133 1385 pro

187 1402 259 1464 otio
274 1403 366 1484 quod
382 1404 586 1480 actitabant,
603 1403 807 1467 exercitium
824 1422 997 1468 armorum
1020 1403 1056 1466 in
1078 1423 1132 1467 se·

187 1501 309 1564 cundis
325 1511 506 1584 ponentes,
521 1523 654 1568 omnem
675 1505 712 1566 in
733 1503 899 1584 religione
916 1523 1056 1586 operam
1079 1504 1132 1567 in-

187 1620 374 1683 sumpsere.
430 1603 546 1667 Taceo
579 1604 622 1667 de
653 1605 874 1686 pauperibus,
906 1623 992 1686 quos
1024 1602 1133 1667 sortu-

188 1721 309 1764 narum
324 1703 475 1766 tenuitas
497 1703 699 1786 plerumque
716 1704 870 1767 continet
895 1723 938 1767 ne
961 1703 1132 1768 cancellos

183 1801 332 1887 justitiae
358 1803 673 1884 transgrediantur:
708 1803 935 1885 praetermitto
963 1803 1132 1885 graduum

189 1902 502 1966 ecclesiasticorum
528 1904 633 1980 viroS,
655 1922 742 1986 quos
774 1922 1022 1986 nonnunquam
1052 1924 1133 1986 pro-

188 2001 549 2081 fessionis'contuituS,
567 2004 627 2067 sed
649 2011 684 2068 et
704 2003 854 2068 insamiae
870 2011 994 2082 metuo,
1012 2023 1033 2066 a
1050 2024 1133 2068 vero

188 2103 326 2167 deviare
341 2123 410 2168 non
427 2103 521 2168 sinit.
573 2105 628 2169 De
645 2104 785 2186 regibus
801 2104 890 2182 dico,
903 2105 962 2186 qui
977 2124 1040 2185 pro
1060 2123 1132 2167 am-

187 2203 355 2285 plitudine
386 2205 570 2286 potestatis
598 2204 743 2268 licenter
764 2204 944 2286 indulgere
971 2204 1132 2286 volupta-

189 2304 281 2367 tibus
294 2312 457 2386 possent:
482 2324 627 2388 quorum
644 2305 783 2387 quidam
801 2305 838 2367 in
853 2305 978 2388 patria,
992 2305 1132 2387 quidam

189 2403 324 2480 Romae,
341 2411 475 2468 mutato
498 2404 630 2482 habitu,
644 2405 785 2468 coeleste
807 2405 931 2470 lucrati
949 2412 1030 2469 sunt
1053 2425 1131 2486 reg-

189 2524 282 2581 num,
308 2505 447 2568 beatum
473 2505 566 2568 nacti
590 2506 849 2591 commercium3
882 2504 993 2580 multi,
1018 2506 1132 2586 specie

188 2611 300 2681 tenus,
327 2605 488 2668 totavita
515 2605 678 2668 mundum
703 2605 866 2688 amplexi,
888 2612 928 2669 ut
952 2603 1132 2669 thesauros

186 2705 303 2785 egenis
319 2705 542 2795 effunderent,
560 2706 777 2773 monasteriis
789 2704 992 2769 dividerent.
1038 2703 1132 2783 Quid

186 2804 298 2868 dicam
334 2805 377 2868 de
412 2813 465 2869 tot
494 2806 676 2888 episcopio,
705 2805 892 2882 heremitis
924 2806 1130 2869 abbatibus?

188 2925 301 2970 nonne
335 2913 410 2970 tota
439 2906 553 2970 insula
585 2906 692 2970 tantis
715 2906 870 2988 reliquiis
895 2906 1132 2988 indigenarum

187 3005 354 3088 fulgurat,
376 3014 415 3070 ut
431 3007 492 3071 vix
510 3007 659 3088 aliquem
674 3007 788 3070 vicum
803 3007 973 3088 insignem
990 3014 1132 3089 praeter-

188 3125 247 3169 eas
277 3107 336 3170 ubi
361 3107 442 3170 novi
470 3106 582 3171 sancti
606 3127 729 3171 nomen
758 3127 829 3171 non
857 3107 1001 3171 audias?
1028 3125 1138 3189 quam

187 3206 374 3270 multorum
396 3207 499 3270 etiam
523 3207 625 3289 periit
645 3208 821 3284 memoria,
844 3227 907 3290 pro
927 3206 1132 3287 scriptorum

187 3305 327 3388 inopia!
373 3306 611 3369 Veruntamen
624 3306 801 3370 literarum
817 3314 851 3370 et
868 3305 1042 3387 religionis
1059 3313 1133 3369 stu-

188 3406 247 3469 dia
274 3412 378 3469 aetate
402 3406 611 3488 procedente
639 3407 893 3482 obsoleverunt,
922 3425 990 3468 non
1013 3407 1133 3487 paucis

178 3514 269 3599 ⁸ante
299 3506 487 3570 adventum
520 3505 798 3570 Normannorum
827 3505 936 3569 annis.
988 3499 1132 3570 2cleriei

187 3608 367 3671 literatura
398 3592 625 3671 tumultuaria
655 3606 821 3684 contenti,
845 3605 904 3669 vix
936 3624 1133 3670 sacramen·

224 3829 229 3858 ¹
249 3830 379 3894 Algam]
408 3830 443 3880 D.
467 3832 499 3882 E.
520 3831 572 3892 L.;
596 3827 755 3889 Ari-lcayed
766 3831 792 3877 in
805 3829 931 3892 anglona,
946 3829 1001 3878 that
1012 3844 1070 3891 very
1083 3830 1133 3880 few

186 3902 245 3966 glis,
257 3901 286 3950 S.
674 3900 766 3960 priests
776 3914 808 3947 on
819 3900 870 3949 this
881 3899 935 3948 side
952 3899 982 3948 os
996 3899 1039 3949 tbe
1051 3901 1133 3950 Hum-

223 3969 337 4020 ¹Glerici
356 3971 487 4019 literatura
508 3984 649 4031 ...grom-
674 3970 719 4017 ber
736 3970 813 4018 could
833 3969 988 4020 understand
1005 3970 1048 4018 the
1065 3985 1134 4020 com·

188 4041 301 4090 mutinam
319 4037 431 4109 nosset]
449 4041 496 4089 See
509 4041 522 4103 t
535 4044 590 4102 123,
603 4054 647 4101 pp.
674 4055 731 4088 mon
750 4040 845 4089 service
860 4040 889 4088 ol
903 4039 945 4088 the
963 4039 1067 4101 cburch,
1083 4042 1133 4091 and

190 4115 247 4173 191,
260 4115 315 4160 192.
351 4110 544 4173 KingAelt‘red,
563 4111 589 4159 in
608 4110 648 4160 his
674 4109 1133 4160 beknewnonesoutbosthe'l'hames

187 4182 289 4244 preiace
315 4186 342 4230 to
361 4181 498 4243 Gregory's
521 4181 648 4243 Pastnral,
673 4179 1134 4244 whocouldturnanordinarypiece

188 4258 268 4319 stateo
285 4252 340 4302 that
357 4253 471 4313 learning
487 4265 541 4301 was
559 4267 587 4300 so
603 4250 647 4300 de·
672 4251 702 4300 ol
711 4252 785 4300 Latin
796 4251 848 4299 into
859 4250 975 4313 English.
