2866 4868
343 396 408 460 512
557 411 671 459 onsrn
694 410 821 458 anouu
845 407 1059 457 nuonoaun.
1141 392 1300 474 [arnrv.

182 589 330 642 orlgtuotthe
344 586 407 630 nos
432 566 511 631 illos
539 586 694 649 perosus,
726 567 837 648 primo
872 565 1036 642 Scotiam,
1069 585 1151 629 mox
1180 567 1296 630 Fran-

182 643 297 682 cistercien

181 695 249 734 order.

343 668 431 729 ciam
457 667 641 730 contendit.
690 667 745 731 Ibi
762 667 895 749 aliquot
912 666 1012 729 annis
1035 665 1144 730 literis
1165 666 1296 730 libera-

343 766 434 830 libus
460 768 645 843 exercitus
671 766 778 831 divini
805 767 931 830 amoris
954 766 1112 829 stimulos
1133 767 1293 849 accepit:

344 886 492 949 namque
508 886 585 930 cum
603 867 752 949 pueriles
765 867 914 949 ineptias
931 866 1104 930 robustior
1118 873 1206 930 aetas
1228 885 1294 931 ex-

343 966 508 1044 cluderet,
533 965 694 1043 Romam,
717 986 795 1030 cum
822 973 982 1030 consorte
1004 965 1197 1030 studiorum
1220 966 1294 1030 cle·

341 1066 425 1143 rico,
440 1066 614 1148 profectus
637 1074 710 1145 est3
734 1086 797 1130 nec
819 1067 897 1130 illos
920 1065 1135 1130 continuatio
1150 1075 1186 1129 et
1201 1065 1295 1129 diffi-

342 1167 455 1229 cultas
480 1167 626 1241 itineris,
653 1173 688 1230 et
721 1166 926 1230 facultatum
953 1166 1110 1247 pentina
1135 1185 1292 1248 unquam

342 1266 500 1330 cohibere
526 1266 641 1348 potuit
664 1265 748 1348 quin
773 1266 926 1348 quotidie
952 1273 1063 1329 totum
1087 1265 1291 1348 psalterium

342 1373 378 1429 et
393 1373 515 1429 euntes
529 1373 565 1429 et
582 1365 763 1429 redeuntes
778 1365 999 1430 cantitarent.
1039 1364 1200 1429 Profecto
1212 1365 1292 1449 jam

342 1466 571 1545 praedicabilis
588 1465 654 1527 viri
670 1466 825 1547 spirabat
839 1467 975 1529 animus
986 1465 1079 1546 quod
1094 1485 1164 1529 non
1179 1466 1292 1531 multo

340 1572 432 1646 post,
460 1585 522 1647 per
545 1564 612 1628 Dei
637 1565 799 1646 gratiam,
825 1572 879 1628 cst
905 1566 1070 1629 adorsus:
1095 1585 1175 1628 narn
1198 1566 1291 1629 Bur-

340 1665 504 1745 gundiam
528 1684 717 1745 regressus,
739 1664 776 1726 in
790 1663 974 1741 Molesmo,
989 1684 1081 1729 novo
1103 1671 1140 1728 et
1161 1684 1291 1747 magno

339 1766 562 1842 monasterio,
576 1765 704 1828 crinem
722 1764 861 1847 abjecit,
875 1772 911 1828 et
932 1765 1044 1846 prima
1058 1764 1197 1846 quidem
1219 1765 1293 1830 ele-

339 1872 457 1928 menta
483 1865 612 1946 regulae
637 1864 719 1928 olim
734 1865 811 1927 visa
835 1863 935 1928 facile
963 1866 1185 1946 recognovit;
1208 1884 1289 1928 cum

338 1984 421 2027 vero
444 1966 475 2027 ei
497 1965 566 2029 alia
589 1971 861 2046 proponerentur
882 1964 1110 2041 observanda,
1128 1984 1205 2046 quae
1223 1985 1290 2030 nec

338 2064 373 2125 in
400 2065 521 2146 regula
547 2064 680 2145 legerat
704 2082 767 2126 nec
791 2082 937 2145 usquam
951 2064 1098 2141 viderat,
1118 2065 1290 2129 rationem

338 2182 456 2226 eorum
476 2163 667 2245 efflagitare
690 2163 809 2244 coepit,
826 2163 980 2227 modeste
1002 2183 1086 2227 sane
1102 2171 1137 2227 et
1154 2171 1194 2228 ut
1212 2184 1289 2229 mo·

339 2264 487 2327 nachum
509 2263 618 2327 decet.
671 2262 871 2340 ‘Ratione,'
887 2264 1058 2346 inquiens,
1081 2269 1288 2346 ‘supremus

338 2383 452 2425 rerum
465 2361 601 2427 Auctor
620 2362 737 2426 omnia
762 2362 855 2439 fecit,
877 2364 1016 2426 ratione·
1037 2364 1153 2427 omnia
1175 2364 1288 2446 regit;

339 2464 471 2526 ratione
498 2470 634 2526 rotatur
657 2463 728 2545 poli
756 2461 898 2538 fabrica,
924 2463 1058 2526 ratione
1083 2464 1161 2544 ipsa
1182 2465 1290 2529 ctiam

338 2582 415 2644 quae
433 2563 593 2626 dicuntur
610 2563 762 2626 errantia
784 2569 990 2644 torquentur
1012 2562 1137 2639 sidera,
1151 2565 1289 2628 ratione

337 2669 520 2725 moventur
537 2662 728 2740 elementa3
752 2662 885 2725 ratione
896 2670 932 2725 et
949 2656 1210 2743 'aequilibritate
1225 2663 1288 2727 de-

337 2764 395 2825 bet
419 2768 538 2825 nostra
561 2760 749 2825 subsistere
773 2769 909 2824 natura.
961 2761 1029 2824 Sed
1047 2763 1129 2844 quia
1151 2762 1286 2844 perde-

336 2861 460 2924 sidiam
487 2880 581 2943 saepe
605 2854 644 2923 ²a
666 2862 800 2924 ratione
824 2861 963 2937 decidit,
987 2861 1082 2942 leges
1110 2862 1287 2944 quondam

336 2961 454 3024 multae
475 2950 581 3039 latae3
605 2961 791 3024 novissime
813 2979 875 3042 per
897 2961 1036 3023 beatum
1057 2961 1286 3026 Benedictum

336 3061 457 3142 regula
471 3060 637 3124 divinitus
654 3059 822 3141 processit
836 3079 914 3142 quae
929 3060 1063 3122 fluxum
1083 3067 1217 3124 naturae
1240 3062 1286 3127 ad

335 3161 504 3224 rationem
532 3167 730 3238 revocaret3
753 3159 790 3221 in
814 3179 884 3242 qua
909 3161 975 3223 etsi
997 3160 1170 3224 habentur
1190 3181 1287 3243 quae·

335 3258 414 3322 dam
442 3280 587 3342 qnorum
615 3259 783 3322 rationem
815 3267 996 3341 penetrare
1029 3279 1099 3323 non
1122 3253 1285 3340 ³sufficio,

335 3361 535 3424 auctoritati
564 3367 680 3423 tamen
709 3359 995 3440 acquiescendum
1018 3379 1155 3424 censeo.
1208 3360 1285 3425 Ra-

333 3460 382 3522 tio
416 3461 507 3523 enim
546 3468 581 3523 ct
611 3459 801 3522 auctoritas
832 3458 1026 3523 divinorum
1064 3459 1286 3541 scriptorum,

333 3561 492 3639 quamvis
530 3558 708 3622 dissonare
745 3558 940 3635 videantur,
976 3578 1083 3622 unum
1124 3557 1286 3644 idemque

332 3665 434 3722 sunt:
459 3678 607 3741 namque
622 3678 700 3721 cum
718 3657 815 3721 Deus
835 3657 920 3721 nihil
937 3659 1011 3721 sine
1027 3660 1162 3724 ratione
1188 3679 1287 3724 crea-

331 3759 432 3834 verit,
454 3765 489 3821 et
511 3758 739 3836 recreaverit;
766 3758 826 3839 qui
851 3758 924 3822 fieri
947 3766 1063 3840 potest
1084 3768 1125 3822 ut
1148 3760 1287 3824 credam

364 3988 373 4020 ¹
385 3983 595 4055 AEquiliorttare]
619 3988 653 4038 A.
667 3989 696 4038 C.
711 3989 744 4038 D.
758 3989 790 4036 Ε.

328 4063 359 4111 L.
369 4077 376 4120 ;
394 4058 575 4120 aequabilitate,
586 4059 614 4107 S.
852 4056 862 4086 ³
873 4056 997 4129 Sufficia]
1010 4061 1043 4112 A.
1053 4062 1089 4112 D.
1100 4063 1133 4113 Ε.
1144 4063 1192 4123 L.;
1203 4063 1289 4127 valeo,

362 4129 434 4192 aa]
463 4127 495 4177 A.
514 4128 541 4177 r.
563 4130 591 4177 c.
610 4129 644 4178 n.
664 4129 719 4178 aa.
738 4128 788 4190 n,
816 4129 845 4178 s.
860 4131 890 4180 c.

326 4201 430 4249 omitted
441 4200 467 4248 in
480 4199 503 4245 Ε
512 4201 535 4246 l.
