2866 4868
359 388 424 470 430
580 403 694 452 cnsrn
718 404 844 453 nncou
869 405 1083 453 sncnonou.
1155 391 1238 472 [nra.
1258 407 1315 455 111.

278 578 284 591 ¹
359 563 467 640 berni,
486 562 727 645 desponderat,
749 561 884 646 majora
894 561 993 645 justo
1015 569 1128 625 mente
1150 563 1310 641 metiens,

360 663 577 746 tyrannidem
609 662 736 727 adoriri
767 663 1009 726 meditabatur.
1075 662 1201 745 Itaque
1231 664 1311 745 ipso

360 764 559 846 nuptiarum
596 763 651 826 die
687 764 824 844 magnis
853 755 1077 846 apparatibus
1112 764 1312 828 convivium

361 865 544 946 agitatum,
566 862 677 949 (quod
704 862 984 927 Normannorum
1015 863 1107 944 gulae
1130 863 1205 946 jam
1232 861 1310 927 An-

299 1029 303 1036 ,
360 964 496 1046 glornm
513 964 618 1028 luxus
635 959 853 1046 influxerat)
871 964 974 1027 ebriis
989 963 1158 1041 convivis,
1177 970 1212 1027 et
1227 964 1311 1027 vino

361 1065 584 1141 tumentibus
602 1063 717 1146 amplo
733 1064 915 1127 verborum
938 1063 1069 1127 ambitu
1094 1064 1311 1146 propositum

359 1184 459 1228 suum
474 1165 605 1246 aperit:
629 1163 692 1240 illi,
709 1164 792 1245 quia
810 1164 847 1226 in
871 1183 989 1227 eornm
1012 1164 1126 1227 animo
1141 1183 1205 1246 pro
1221 1169 1310 1245 potu

359 1265 470 1328 omnis
494 1265 582 1328 ratio
601 1264 787 1345 caligabat,
803 1264 936 1346 ingenti
955 1265 1081 1346 plausu
1098 1263 1227 1326 dicenti
1250 1282 1310 1327 ac·

358 1364 518 1428 clamant.
571 1364 627 1427 Ibi
664 1363 837 1444 Rogerius
874 1383 989 1428 comes
1024 1362 1306 1440 Herefordensis,

358 1465 479 1528 uxoris
493 1463 634 1528 Radulfi
650 1463 768 1541 frater,
782 1464 830 1526 ibi
847 1462 1062 1540 weldeofus,
1079 1464 1126 1527 ibi
1140 1470 1310 1546 praeterea

358 1564 612 1646 quamplurimi,
643 1565 680 1628 in
717 1584 836 1628 necem
871 1565 963 1646 regis
1003 1563 1206 1648 conjurant3
1245 1563 1307 1626 sed

357 1672 497 1747 postero
511 1665 578 1741 die,
594 1685 683 1741 cum,
698 1664 833 1745 digesto
856 1663 970 1728 calore
987 1664 1070 1740 vini,
1085 1664 1309 1746 temperatior

357 1783 444 1828 aura
461 1765 566 1829 corda
583 1763 798 1846 quorundam
823 1763 986 1840 afflasset,
1002 1764 1113 1847 major
1126 1782 1207 1846 pars
1222 1763 1307 1827 facti
1334 1789 1338 1793 ·

318 1882 320 1887 ·
356 1866 528 1947 poenitens
543 1884 565 1928 a
579 1865 738 1929 convivio
752 1864 897 1946 dilapsa.
941 1863 1038 1928 Unus
1054 1883 1169 1927 eorum
1189 1862 1306 1949 (Wel-

357 1964 441 2029 deof
450 1961 587 2049 fertur),
603 1965 664 2047 qui
687 1964 830 2028 consilio
849 1964 1035 2028 Lanfranci
1056 1964 1306 2046 archiepiscopi

357 2058 620 2129 ¹Normanniam
635 2065 727 2128 ultro
735 2057 931 2146 ²naviganS,
944 2083 1015 2127 rem
1024 2064 1111 2146 regi,
1120 2083 1226 2128 cansa
1240 2083 1306 2128 sua

356 2164 530 2228 duntaxat
554 2165 678 2242 celata,
694 2163 837 2228 detulit:
862 2173 899 2229 at
921 2165 1065 2229 comites
1089 2165 1126 2227 in
1150 2164 1305 2247 incoepto

357 2266 552 2347 persistere,
564 2264 793 2346 provinciales
807 2284 890 2329 suos
905 2266 1050 2347 quisque
1063 2264 1100 2327 in
1116 2264 1303 2328 tumultum

358 2366 531 2444 excitare3
549 2365 609 2428 sed
625 2364 816 2428 obsistebat
831 2366 881 2428 eis
898 2365 1007 2440 DeuS,
1021 2383 1140 2428 omnes
1157 2371 1302 2428 conatus

358 2484 476 2528 eorum
492 2467 528 2527 in
545 2465 677 2528 irritum
697 2464 878 2528 deducens.
932 2465 1019 2528 Mox
1038 2465 1128 2527 enim
1150 2484 1187 2528 re
1210 2483 1303 2527 com·

357 2574 469 2647 perta,
486 2564 590 2628 duces
614 2566 717 2647 regis,
731 2565 791 2646 qui
816 2565 1008 2629 custodiam
1029 2563 1303 2647 praetendebant,

359 2665 549 2729 Radulfum
575 2664 618 2728 ad
638 2665 704 2730 hoo
726 2665 934 2730 calamitatis
950 2666 1159 2747 compulere,
1179 2671 1231 2740 ut,
1247 2682 1304 2727 ar·

358 2773 458 2847 repta
481 2784 572 2829 nave
596 2766 689 2847 apud
706 2764 860 2842 Norwic,
879 2766 966 2829 mari
990 2784 1029 2829 se
1052 2765 1302 2830 committeret:

358 2884 447 2928 uxor
468 2865 555 2949 ejuS,
578 2874 683 2948 pacta
704 2867 932 2929 membrorum
956 2865 1081 2943 salute,
1105 2864 1303 2947 traditoque

358 2966 512 3042 castello,
528 2967 689 3029 maritum
710 2973 840 3029 secuta.
893 2966 1079 3048 Rogerius,
1097 2984 1119 3027 a
1132 2984 1213 3046 rege
1227 2966 1304 3028 vin-

357 3067 443 3129 culis
470 3066 636 3143 irretitae,
667 3067 742 3130 tota
768 3066 842 3129 vita
865 3086 1037 3130 carcerem
1071 3066 1304 3146 frequentavit

357 3166 413 3230 vel
430 3165 546 3250 potius
559 3165 727 3245 incoluit;
751 3164 965 3230 detestandae
983 3166 1135 3249 perfidiae
1153 3165 1306 3248 juveniS,

356 3287 419 3330 nec
435 3266 587 3331 moribus
603 3267 806 3348 patrissans
1105 3250 1111 3269 ⁶

407 3367 512 3450 §256
537 3366 713 3448 Siquidem
727 3359 882 3446 ³genitor
903 3364 990 3448 ejuS,
1006 3364 1200 3429 Willelmns
1213 3366 1305 3430 filius

391 3583 588 3636 1Νονηιαηηὶαηι
605 3586 669 3632 ultro
688 3583 816 3645 navigans,
840 3583 905 3631 have
921 3582 1024 3631 omitted
1034 3581 1076 3630 the
1088 3581 1170 3631 whole
1185 3598 1305 3647 passage,

354 3672 405 3705 rem
419 3657 483 3717 regi,
500 3670 573 3703 causo
588 3669 632 3702 suo
649 3656 770 3702 duntaxat
780 3669 816 3702 ce·
841 3654 950 3701 because
958 3653 1017 3713 they
1029 3652 1074 3700 did
1085 3658 1128 3700 not
1136 3654 1303 3714 comprehend

355 3729 415 3788 lata,
430 3726 541 3788 detulit]
574 3725 624 3773 Mr.
644 3724 756 3786 ingram,
774 3723 816 3771 the
841 3723 879 3772 it.’
920 3723 970 3771 Mr.
993 3722 1118 3784 Ingram’s
1140 3738 1243 3772 reasons
1265 3724 1304 3774 lor

355 3798 436 3845 editor
457 3797 486 3845 of
504 3796 546 3844 the
568 3794 652 3843 Saxon
675 3793 817 3854 Chronicle‚
841 3793 953 3855 arriving
970 3797 996 3841 at
1013 3793 1065 3842 this
1086 3792 1232 3842 conclusion
1251 3810 1304 3864 are,

355 3867 402 3914 has
414 3866 523 3915 accused
536 3865 710 3925 Malmesbury
721 3865 750 3913 of
757 3864 816 3912 here
841 3864 966 3924 however,
977 3862 1016 3911 far
1026 3863 1089 3912 from
1101 3863 1270 3925 satisfactory.

354 3935 673 3998 pervertingthewordsof
681 3934 723 3983 the
732 3936 816 3984 Saxon
877 3930 888 3962 ²
900 3934 1052 3996 Nanigaina]
1074 3934 1119 3980 El
1133 3950 1141 3995 ;
1157 3936 1305 3998 enavigans,

356 4006 498 4056 Chronicle.
522 4005 564 4053 He
576 4019 704 4054 moreover
710 4005 816 4066 charges
841 4002 874 4052 A.
887 4004 916 4052 S.
931 4005 960 4052 C.
973 4004 1007 4052 D.
1019 4005 1043 4050 E
1051 4007 1075 4051 2.
1088 4003 1119 4052 L.

354 4078 397 4126 the
409 4078 483 4125 Latin
497 4075 632 4125 historiatis
643 4075 705 4124 with
723 4076 817 4137 having
876 4070 887 4103 ³
900 4074 1003 4122 Genitor
1019 4072 1094 4136 tina]
1111 4073 1224 4123 William
1236 4075 1304 4124 Fitz·

354 4148 381 4195 in
398 4147 499 4210 general
521 4147 724 4195 misunderstood
746 4147 817 4195 these
842 4143 955 4193 Osberne
966 4157 1021 4191 was
1039 4144 1098 4204 only
1109 4143 1151 4192 the
1169 4145 1302 4195 father-in-

353 4218 447 4281 words,
458 4217 508 4266 and
527 4230 641 4266 assumes
661 4216 716 4266 that
726 4218 734 4246 ‘
744 4219 817 4267 Some
841 4215 892 4263 law
903 4213 932 4263 of
940 4212 1024 4276 ltalph
1036 4215 1068 4263 de
1080 4213 1194 4266 Guader.
