2866 4868
350 393 417 458 704
639 406 814 457 nrsronnr
837 405 1015 457 novatus.
1169 392 1302 476 [urar.

351 552 449 647 sum3
465 571 542 649 'spe
565 562 698 629 scilicet
721 570 845 646 captus
864 563 1078 646 amplissima
1102 562 1197 647 quod
1225 563 1302 629 Ste-

350 666 487 749 phanus
519 665 577 730 avi
605 664 660 728 sui
687 663 854 729 Willelmi
879 662 917 727 in
940 664 1039 748 regni
1067 664 1304 729 moderamine

345 786 464 832 vmores
490 770 656 842 servaret,
677 763 919 847 praecipueque
942 763 979 827 in
1006 764 1234 829 ecclesiastici
1250 765 1303 830 vi·

350 867 446 947 geris
478 865 673 948 disciplina.
738 861 963 946 Quapropter
993 863 1152 928 districto
1183 883 1302 929 sacra·

351 973 479 1042 mento,
511 965 604 1049 quod
636 983 659 1029 a
687 961 864 1046 Stephano
889 962 1087 1028 Willelmus
1115 963 1303 1029 cantuari·

345 1066 442 1131 ensis
457 1063 736 1148 archiepiscopus
758 1063 879 1144 exegit
895 1061 939 1126 de
951 1062 1111 1128 libertate
1126 1064 1304 1130 reddenda

351 1165 506 1229 ecclesiae
530 1170 566 1229 et
582 1161 832 1240 conservanda,
850 1162 1033 1245 episcopus
1048 1163 1303 1229 Wintoni'ensis

351 1284 389 1329 se
404 1264 628 1329 mediatorem
643 1269 680 1327 et
691 1261 815 1327 vadem
831 1263 1005 1345 apposuit.
1057 1262 1168 1346 Cujus
1183 1283 1301 1328 sacra-

351 1365 458 1429 menti
481 1371 647 1440 tenorem,
663 1367 786 1444 postea
811 1362 941 1446 scripto
963 1362 1121 1443 inditum,
1136 1362 1216 1428 loco
1238 1383 1303 1429 suo

351 1485 421 1528 non
436 1461 711 1546 praetermittam.

406 1653 466 1701 ou
489 1652 744 1702 coronacione
766 1652 871 1702 puers
895 1653 1089 1717 sturnini,
1112 1655 1234 1717 arcun

684 1753 846 1802 Morinos
869 1754 980 1817 urus„

189 1879 299 1942 staples.
402 1859 488 1944 §la
513 1860 709 1926 Coronatus
735 1869 789 1927 est
805 1881 888 1944 ergo
909 1862 946 1925 in
965 1882 1082 1946 regem
1102 1862 1302 1948 Stephanus

188 1936 316 2020 ll¹tll¹⁰¹¹'
350 1956 489 2043 Angliae
508 1955 705 2027 ¹undeoimo
730 1959 898 2026 kalendas
912 1962 936 2027 J
939 1964 1087 2042 aunarii,
1102 1964 1303 2045 Dominica,

190 2032 244 2071 ω’
257 2033 312 2071 ¹¹³⁵‘
350 2061 461 2125 tribus
477 2062 649 2145 episcopis
662 2063 904 2144 praesentibus,
916 2062 1187 2148 archiepiscopo,
1201 2064 1303 2130 Win-

345 2161 512 2238 toniensi,
543 2160 796 2240 Saleshiriensi‚
816 2162 922 2225 nullis
944 2164 1140 2243 abbatibus,
1162 2167 1302 2247 paucis-

350 2260 446 2325 simis
460 2261 696 2343 optimatibus,
712 2262 878 2327 vicesima
899 2262 1053 2327 secunda
1071 2263 1127 2328 die
1143 2272 1224 2347 post
1238 2285 1302 2330 ex·
1318 2317 1322 2325 .

349 2345 485 2425 cessrim
509 2361 685 2439 avunculi,
708 2380 800 2427 anno
827 2361 1021 2427 Dominicae
1050 2363 1301 2430 incarnationis

350 2460 532 2525 millesimo
548 2461 735 2525 centesimo
759 2461 934 2526 tricesimo
958 2463 1089 2545 quinto.
1140 2463 1209 2529 Vir
1222 2466 1300 2548 qui-

351 2558 428 2623 dem
444 2561 592 2644 impiger
606 2560 667 2624 sed
678 2555 810 2625 ²minus
825 2561 989 2644 prudens,
1004 2563 1109 2628 armis
1124 2569 1301 2643 strenuus,

349 2660 523 2725 immodici
552 2661 659 2724 animi
687 2661 732 2725 ad
760 2661 925 2744 quaelibet
955 2662 1065 2727 ardua
1091 2663 1300 2745 inchoanda,

349 2759 435 2823 lenis
458 2767 493 2825 et
522 2760 708 2825 exorabilis
736 2760 906 2839 hostibus,
936 2762 1086 2828 affabilis
1115 2764 1299 2841 omnibus:¹

300 2868 304 2876 '
349 2859 449 2943 cujus
473 2881 551 2925 cum
577 2861 790 2926 dulcedinem
814 2861 851 2924 in
883 2863 1062 2945 promissis
1092 2864 1301 2947 suspiceres,

348 2961 531 3025 veritatem
552 2968 668 3024 tamen
685 2961 855 3026 dictorum
869 2969 905 3026 et
921 2964 1167 3045 promissorum
1183 2964 1299 3032 effica-

348 3059 436 3123 ciam
470 3061 702 3141 desiderares;
740 3060 832 3124 unde
860 3060 978 3126 fratris
1009 3063 1191 3128 consilium
1226 3086 1298 3132 non

347 3160 457 3224 multo
480 3169 560 3244 post
575 3162 673 3243 lapso
691 3168 845 3244 tempore
867 3165 1111 3245 postponebat,
1125 3164 1225 3248 cujus
1239 3164 1298 3253 (ut

347 3257 436 3349 dixi)
454 3261 585 3325 auxilio
610 3262 778 3339 munitus,
802 3268 837 3325 et
856 3260 1081 3328 adversantes
1100 3283 1298 3331 summove·

346 3365 414 3437 rat,
428 3367 463 3424 et
476 3361 521 3425 ad
536 3381 679 3444 regnum
692 3361 907 3427 ascenderat.
975 3396 977 3403 Α

181 3600 230 3639 A„
248 3602 296 3641 13⁶
517 3546 564 3593 ns
587 3544 807 3595 Humsmorm
830 3541 937 3592 antus
960 3543 1123 3592 namuci.

182 3604 331 3704 attelae
394 3652 412 3736 ᾗ
429 3652 484 3718 13.
508 3652 612 3718 Anno
627 3653 820 3718 Dominicae
837 3646 1295 3735 incarnatioms³millesim0

183 3703 282 3742 removed
290 3707 312 3744 to

181 3751 285 3802 Engluud.

349 3904 352 3911 “
377 3891 804 3961 ¹Undecimolcoleudusdaauurii.]
830 3860 976 3981 dmm
1001 3865 1141 3929 imm]
1163 3867 1214 3928 Εἰ
1234 3882 1296 3929 Pffl*

340 3963 394 4014 The
421 3967 538 4028 majority
559 3967 589 4016 of
614 3973 804 4029 contemporary
848 3947 903 3994 ens,
913 3934 984 3993 1123
999 3935 1156 3998 imprudens,
1172 3936 1202 3986 S.
1215 3937 1246 3989 C.
1258 3936 1296 3990 D.

340 4035 438 4084 writers
449 4039 513 4085 state
524 4036 579 4086 that
589 4038 722 4100 Stephen's
733 4052 803 4087 coro·

338 4107 424 4155 nation
445 4106 504 4154 toolr
527 4108 600 4169 place
621 4124 654 4159 on
676 4109 719 4158 the
741 4109 802 4158 aoth

337 4175 486 4239 December.

863 4001 875 4034 ³
886 4003 1019 4052 Millest‘mo
1034 4005 1161 4054 centesimo
1171 4006 1293 4057 tricem

827 4078 906 4135 sexto,
914 4074 1019 4138 posteo]
1031 4072 1096 4124 M
1104 4079 1129 4126 2.
1140 4090 1148 4139 3
1159 4076 1294 4129 millesimo

828 4145 964 4263 ccenppsimo
986 4145 1114 4196 tricesimo
1141 4147 1239 4213 quinto,
1262 4148 1292 4199 S.
