2866 4868
195 417 265 464 mn.
282 398 353 481 nn]
427 415 539 464 nasus
564 415 691 463 arcun
715 415 928 464 Anononuu.
1078 403 1145 467 475

193 571 331 636 francus
347 573 621 638 Dorobemensis
635 574 913 657 archiepiscopus
931 595 1035 658 super
1051 576 1143 642 Ebo-

194 693 370 737 raccnscm
406 675 585 738 ecclesiam
610 675 691 758 jure
722 695 795 738 suae
824 677 978 739 ecclesiae
1007 679 1142 759 procla·

193 774 332 853 mabat3
357 781 392 837 et
413 775 456 837 dc
476 775 749 839 ordinationibus
772 777 987 857 quorundam
1009 779 1141 859 cpisco-

193 893 327 955 porum,
344 874 524 956 dequibus
540 875 584 938 ad
599 894 701 958 quem
718 877 914 957 specialiter
929 877 1142 959 pertinerent

193 980 324 1037 certum
343 975 482 1038 minime
509 976 712 1039 constabat:
737 982 772 1039 et
793 976 933 1039 tandem
957 977 1142 1058 aliquando

194 1073 338 1137 diversis
364 1075 579 1138 diversarum
606 1076 854 1159 scripturarum
877 1077 1142 1142 auctoritatibus

193 1174 375 1255 probatum
400 1181 504 1256 atque
527 1181 703 1238 ostensum
724 1176 889 1257 estquod
913 1176 1141 1241 Eboraccnsis

194 1273 339 1337 ecclesia
364 1272 607 1338 cantuariensi
633 1275 758 1339 debeat
779 1275 969 1359 subjacere,
997 1277 1141 1361 ejusque

193 1373 453 1457 archiepiscopi,
476 1382 516 1438 ut
536 1376 693 1456 primatis
718 1375 825 1438 totius
843 1376 1048 1455 Britanniae,
1071 1378 1140 1441 dis-

192 1474 431 1554 positionibus,
454 1474 490 1537 in
516 1476 559 1538 iis
584 1494 662 1557 quae
684 1475 727 1538 ad
751 1474 984 1539 Christianam
1002 1478 1141 1559 religio-

193 1593 271 1636 nem
301 1575 487 1656 pertinent,
517 1577 553 1638 in
587 1575 745 1638 omnibus
780 1575 930 1641 obedire.
996 1577 1140 1660 Subjec·

193 1673 321 1738 tionem
352 1695 434 1740 vero
463 1675 719 1751 DunclmensiS,
756 1674 821 1738 hoc
851 1682 916 1752 est,
947 1675 1139 1741 Lindisfar·

193 1776 307 1838 nensis
329 1775 494 1857 episcopi,
519 1781 623 1855 atque
645 1775 797 1837 omnium
819 1777 998 1857 regionum
1026 1797 1048 1840 a
1070 1785 1139 1841 ter-

192 1875 295 1937 minis
313 1873 550 1937 Liciseldensis
567 1875 744 1956 episcopii,
759 1881 794 1938 et
813 1873 995 1939 Humbriae
1020 1879 1138 1959 magni

191 1972 300 2050 fluvii,
322 1993 432 2055 usque
457 1975 500 2037 ad
523 1981 697 2038 extremos
721 1973 846 2038 Scotiae
869 1975 967 2053 fines,
991 1983 1026 2039 et
1043 1978 1140 2059 quic-

191 2073 275 2156 quid
290 2094 335 2137 ex
348 2074 414 2137 hac
427 2081 526 2157 parte
542 2075 699 2156 praedicti
712 2073 862 2137 fluminis
879 2077 922 2138 ad
940 2077 1139 2158 parochiam

190 2173 418 2237 Eboraccnsis
455 2174 609 2238 ecclesiae
640 2174 720 2257 jure
748 2177 924 2257 competit,
955 2175 1139 2241 Cantuari-

190 2272 283 2336 ensis
313 2275 600 2358 metropolitanus
635 2274 844 2338 Eboraccnsi
880 2275 1139 2360 archiepiscopo

190 2373 333 2456 ejusque
347 2374 603 2438 successoribus
618 2375 774 2438 obtinere
790 2377 972 2439 concessit.
1025 2376 1083 2440 Ita
1100 2385 1139 2441 ut

190 2474 220 2536 si
235 2472 494 2537 Cantuariensis
518 2473 796 2557 archiepiscopus
819 2476 1001 2539 concilium
1016 2496 1140 2559 cogere

193 2573 349 2650 voluerit,
374 2575 570 2656 ubicunque
585 2574 697 2638 visum
721 2576 754 2638 ei
772 2573 887 2652 fuerit,
910 2576 1139 2641 Eboraccnsis

190 2673 467 2756 archiepiscopus
490 2677 543 2739 sui
565 2676 786 2757 praesentiam
800 2695 878 2739 cum
892 2677 1051 2739 omnibus
1073 2678 1139 2741 sibi

189 2773 354 2857 subjectis
377 2775 421 2837 ad
445 2781 565 2837 nutum
588 2775 664 2859 ejus
687 2775 860 2852 exhibeat,
878 2783 913 2839 et
936 2775 1011 2859 ejus
1034 2797 1138 2841 cano-

189 2874 276 2937 nicis
312 2874 595 2956 dispositionibus
632 2874 794 2939 obediens
826 2877 968 2939 existat.
1034 2876 1139 2955 Quod

190 2981 305 3038 autem
335 2973 564 3038 Eboraccnsis
594 2975 869 3058 archiepiscopus
892 2975 1139 3058 professionem

191 3073 436 3139 Cantuariensi
472 3074 729 3157 archiepiscopo
760 3069 880 3139 ¹etiam
913 3096 992 3138 cum
1024 3096 1137 3140 sacra-

189 3181 305 3238 mento
330 3174 443 3238 facero
466 3175 602 3252 debeat,
625 3174 840 3239 Lanfrancus
864 3176 1138 3240 Dorobernensis

188 3464 214 3508 et
235 3459 371 3521 disciplina
399 3460 528 3522 subjectis.
576 3461 650 3509 Post·
674 3475 724 3522 quo
735 3465 791 3509 tuta
802 3461 872 3509 fieret
882 3460 947 3508 inter
958 3452 1083 3518 improbos
1100 3458 1138 3506 in·

138 3561 142 3568 -
189 3545 264 3591 quam
282 3531 349 3579 enim
370 3530 404 3579 ad
423 3531 524 3591 singula
541 3546 649 3592 quaeque
673 3532 798 3580 nocentia.
834 3531 868 3577 Et
890 3544 954 3590 quos
976 3530 1033 3589 ipsa
1054 3529 1138 3589 probi·

188 3613 269 3662 sagax
291 3600 418 3648 hominum
443 3602 585 3661 penetravit
613 3603 650 3648 in·
673 3602 733 3649 tatis
760 3601 915 3649 hortamenta
940 3613 989 3647 non
1016 3599 1137 3662 excitant,

190 3671 278 3733 tentio,
300 3675 325 3719 et
346 3670 425 3719 nichil
447 3670 481 3718 ad
508 3673 650 3731 pecuniam,
674 3671 762 3720 saltem
791 3669 969 3731 conquiescant
997 3668 1031 3716 ad
1052 3683 1136 3728 poenae

187 3741 271 3789 risum
292 3745 332 3790 est
352 3740 544 3802 incommodum,
572 3743 651 3790 crevit
673 3741 839 3791 formidinem.
878 3739 1138 3800 Lex,alianaturalis,

188 3811 328 3873 opulentia,
339 3812 417 3860 crevit
427 3811 532 3872 invidia,
542 3826 575 3859 ex
586 3812 650 3860 invi·
674 3827 732 3872 quae
760 3812 829 3872 apud
857 3824 942 3858 omnes
969 3809 1057 3857 eadem
1083 3813 1137 3868 est;

189 3881 233 3928 dia
244 3881 340 3941 odium,
351 3895 383 3929 ex
394 3881 452 3929 odio
471 3882 574 3942 bellum,
585 3882 649 3929 nulli
674 3883 726 3930 alia
742 3881 941 3941 consuetudinis,
952 3882 979 3926 in
990 3893 1041 3939 qua
1060 3878 1137 3927 habet

186 3950 259 4012 tides,
267 3951 331 3998 nulli
341 3951 436 4011 profuit
445 3951 610 4012 eleemosyna.
623 3952 650 4000 Si
674 3966 827 4012 unaquaque
846 3952 929 4012 patria
948 3964 1021 3998 suum
1038 3949 1137 4009 aliquid

188 4035 240 4082 qua
258 4025 341 4069 tamen
363 4022 455 4070 nativae
477 4022 596 4070 bonitatis
612 4036 650 4070 re·
674 4022 821 4082 proprium’

187 4096 331 4140 manserant
356 4092 516 4152 monimenta,
544 4106 649 4140 sanxere
1003 4152 1006 4157 ,

187 4161 258 4222 leges
285 4166 311 4209 et
336 4161 438 4210 vivendi
461 4162 531 4223 jura,
559 4163 650 4211 consti·
711 4157 1051 4218 ¹Etiomcumsocramento.]
1068 4158 1135 4209 AS.

186 4235 290 4280 tuerunt
300 4233 375 4281 urbes
386 4236 412 4280 et
422 4232 472 4280 lida
489 4233 651 4293 receptacula
677 4234 706 4282 C.
720 4233 754 4281 D.
767 4233 791 4280 E
800 4235 823 4281 2.
836 4231 866 4280 L.
877 4247 883 4291 3
900 4229 1004 4278 omitted
1015 4229 1041 4277 in
1054 4231 1107 4279 El.
