2866 4868
154 436 307 520 maim]
384 453 498 502 unsri
521 453 647 501 aucun
672 453 888 502 succorum
1039 439 1104 503 577

154 617 334 696 sperarent
368 629 390 674 a
417 609 541 673 Turcis
580 611 725 692 protegi.
790 611 957 675 Certatim
986 611 1104 695 itaque
1116 627 1212 668 aureo

119 682 135 711 ’
156 712 281 777 Cilices
302 711 339 774 in
361 709 438 793 ejus
455 709 514 793 jus
538 710 726 789 transiere3
750 712 901 774 maxime
916 719 995 794 post
1011 712 1103 776 Tur·
1115 678 1267 770 llllnlfkm'

154 812 257 876 boxel
274 803 457 886 ¹deditum‚
471 810 563 891 quod
580 817 633 873 est
649 809 813 892 oppidum
835 818 960 875 natura
974 804 1104 876 ²muni-

154 919 241 988 tum,
264 910 364 994 cujus
386 915 507 971 nutum
528 907 692 972 inferiora
714 916 912 991 spectarent
936 912 1102 976 castella:

155 1031 236 1094 quo,
252 1017 292 1073 ut
306 1010 392 1086 dixi,
409 1008 537 1085 dedito,
553 1016 680 1072 caetera
695 1009 770 1092 ejus
783 1008 953 1092 judicium
971 1018 1103 1090 secuta.

158 1110 235 1174 Nec
258 1109 372 1173 solum
398 1107 533 1183 Cilicia,
556 1107 616 1171 sed
642 1115 678 1171 et
693 1106 860 1172 Armenia
886 1115 921 1171 et
939 1108 1104 1192 Mesopo-

156 1210 264 1273 tamia
277 1208 547 1272 familiaritatem
556 1200 645 1290 ³ejus
661 1209 882 1290 appetivere:
902 1216 1001 1272 erant
1015 1211 1105 1273 enim

157 1309 210 1373 hae
236 1316 338 1373 tcrrae
369 1325 457 1390 pene
482 1306 674 1370 Turcorum
698 1307 850 1371 dominio
881 1306 1011 1384 liberae,
1044 1309 1104 1373 sed

156 1407 464 1491 inequitationibus
491 1405 677 1471 infestatae.
730 1405 849 1485 Quare
871 1407 944 1470 dux
963 1407 1105 1482 Edessae

157 1509 263 1585 urbis,
279 1507 339 1589 qui
363 1513 398 1569 et
413 1505 539 1569 civium
557 1505 636 1570 odio
658 1513 693 1569 et
714 1506 865 1570 hostium
888 1506 1005 1588 gladio
1028 1527 1106 1590 pre-

158 1614 320 1684 meretur,
337 1606 456 1669 literas
479 1605 696 1669 necessitatis
712 1625 784 1669 suae
801 1606 1007 1688 interpretes
1023 1608 1104 1670 Bal-

158 1707 291 1772 dewino
314 1705 428 1768 misit:
457 1705 591 1768 veniret
607 1724 690 1785 ergo
707 1705 925 1787 quantocius,
949 1706 1107 1788 adoptio-

159 1807 213 1870 nis
228 1805 371 1889 praemio
387 1805 539 1868 laborem
552 1804 713 1868 veniendi
738 1805 992 1883 consolaturus,
1008 1825 1105 1869 nam-

159 1925 226 1989 que
241 1906 316 1988 ipse
333 1923 438 1967 sexus
456 1903 637 1985 utriusque
652 1904 748 1986 prole
773 1906 925 1968 carebat.
978 1905 1031 1968 Ea
1053 1913 1106 1969 est

159 2006 241 2068 urbs
258 2004 295 2067 in
310 2003 566 2085 Mesopotamia
580 2002 689 2085 Syriae
712 2004 817 2068 ubere
836 2004 947 2085 glebae
970 2003 1107 2068 redditu

160 2111 196 2168 et
209 2104 465 2187 negotiatorum
481 2101 711 2167 mercimoniis
733 2102 1019 2180 nominatissima,
1039 2103 1106 2166 dis·

161 2211 240 2268 tans
257 2205 301 2267 ab
318 2201 497 2284 Euphrate
510 2200 635 2283 viginti
659 2201 841 2279 milliariis,
860 2200 1108 2277 abAntiochia

161 2311 319 2368 centum:
348 2301 517 2366 Edessam
534 2299 662 2378 Graeci,
679 2301 758 2384 Syri
776 2303 959 2367 Rotasiam
975 2303 1105 2366 dicunt.

162 2403 220 2467 Ita
233 2401 468 2493 Baldewinus,
481 2407 607 2465 exacto
624 2419 646 2463 a
661 2400 787 2482 legatis
799 2402 975 2466 fidelitatis
990 2421 1107 2465 sacra-

162 2509 289 2579 mento,
311 2520 389 2564 cum
405 2493 602 2580 ⁴octoginta
626 2499 739 2564 solum
759 2501 925 2565 militibus
949 2501 1108 2584 Euphra-

161 2609 231 2666 tem
249 2598 487 2664 transfretavit
500 2619 509 2678 3
528 2600 726 2681 spectaculo
740 2600 908 2676 mirando,
920 2619 981 2663 seu
997 2600 1110 2664 dicere

163 2701 250 2767 velis
265 2699 487 2775 fortitudinis
502 2717 564 2761 seu
578 2699 795 2777 temeritatis,
805 2707 845 2763 ut
858 2701 949 2763 inter
964 2700 1109 2764 circum-

163 2801 259 2864 fusas
284 2799 510 2863 barbarorum
537 2799 707 2874 nationes,
732 2817 819 2880 quas
852 2800 941 2863 alter
967 2798 1110 2862 haberet

164 2901 230 2966 vel'
250 2919 313 2983 pro
342 2904 445 2980 gente
472 2897 529 2961 vel
558 2917 621 2980 pro
647 2897 888 2962 incredulitate
918 2905 1110 2980 suspectas,

163 3019 243 3064 cum
267 2997 404 3063 tantillo
429 2996 584 3060 exercitu
613 3016 683 3060 non
711 2997 889 3062 haesitaret
914 2997 1109 3081 procedere.

161 3099 212 3163 -Et
228 3099 272 3162 ab
288 3095 464 3161 Armeniis
478 3095 615 3179 quidem
630 3103 666 3159 et
681 3092 906 3179 Syris⁵grato
917 3095 1112 3178 excipieba-

165 3205 223 3262 tur
237 3196 377 3280 gaudio,
395 3203 431 3260 et
444 3195 638 3277 indulgenti
655 3195 838 3279 fovebatur
856 3196 1019 3278 hospitio,
1032 3215 1110 3258 curn

165 3298 323 3361 crucibus
349 3302 384 3359 et
401 3294 617 3359 candelabris
638 3314 701 3376 per
723 3295 879 3359 tramites
901 3295 1111 3359 occurrenti·

164 3397 241 3460 bus.
306 3394 413 3458 Turci
449 3400 577 3471 autem,
610 3394 781 3476 posterius
821 3413 945 3475 agmen
976 3401 1111 3458 tentare
1175 3442 1189 3458 .

165 3494 334 3577 aggressi,
364 3493 506 3558 solertia
533 3493 727 3557 Baldewini
765 3495 923 3557 omnibus
954 3493 1111 3556 frustrati

165 3602 248 3658 sunt
263 3593 419 3671 insidiis3
443 3593 702 3657 Samosathenis
725 3593 922 3676 exemplum
944 3592 1036 3673 fugae
1059 3592 1111 3656 fa-

166 3695 344 3759 cientibus.
397 3692 604 3755 Samosatha
624 3699 676 3755 est
696 3693 819 3756 civitas
845 3691 1112 3774 ultraEuph1·a-·

202 3935 364 4010 ¹Deditm]
390 3941 426 3991 D.
450 3940 498 4000 Ε.;
523 3940 627 4002 derum,
687 3936 863 4003 maugina]
881 3937 914 3987 A.
929 3941 959 3988 C.
971 3939 1007 3989 D.
1019 3940 1052 3990 Ε.
1065 3940 1113 4000 L.;

166 4013 200 4064 A.
212 4013 241 4063 S.
255 4013 285 4061 C.
296 4010 329 4060 L.
651 4009 783 4071 sexaginta
792 4024 890 4070 novem,
902 4008 931 4058 S.

201 4079 213 4114 ¹
223 4079 372 4142 Meritum]
388 4078 421 4130 A.
433 4079 469 4128 D.
481 4080 514 4128 Ε.
525 4078 575 4139 L.;
590 4079 628 4126 in·

166 4154 271 4214 victum,
281 4149 311 4199 S.
325 4151 355 4199 C.
687 4144 698 4176 ⁵
711 4140 812 4214 Grata]
829 4146 863 4197 A.
874 4147 902 4197 S.
912 4149 942 4197 C.
951 4148 987 4196 D.
997 4147 1020 4194 E
1028 4149 1052 4195 2.
1064 4145 1113 4206 Ιι.;

202 4213 307 4288 Ἥκω]
326 4220 362 4270 D.
374 4220 408 4268 Ε.
415 4233 424 4280 ;
440 4218 498 4280 viri,
509 4218 537 4267 S.
551 4218 581 4267 L.
653 4221 760 4280 grabato,
771 4218 796 4264 Ε
805 4220 828 4266 l.
