2866 4868
337 398 403 475 750
622 410 797 461 merosus
820 411 998 461 novatus.
1128 396 1219 479 [mu.
1236 411 1289 459 ιιι.

338 591 479 656 possum
493 569 606 635 dicere
629 569 784 635 fomitem
800 568 952 634 omnium
966 567 1136 634 malorum
1150 586 1289 632 rursum

338 673 375 737 in
389 670 522 754 Anglia
533 670 660 736 fuisse:
684 670 777 753 quod
794 663 977 753 ¹quatinus
991 668 1168 746 acciderit,
1181 687 1287 750 expe-

339 773 444 836 diam.
497 770 661 835 Habebat
674 790 738 834 rex
752 769 961 852 Stephanus,
983 768 1212 833 Eustachium
1225 786 1288 831 no·

341 872 444 949 mine,
460 891 505 935 ex
520 871 592 934 iilia
606 869 786 934 Eustachii
801 866 936 934 comitis
952 868 1195 945 Bononiensis,
1212 885 1289 932 sus·

337 978 481 1055 ceptum
505 971 625 1034 tilium.
678 969 759 1034 Rex
783 970 874 1033 enim
900 967 1086 1046 Henricus,
1103 973 1205 1050 pater
1226 967 1290 1030 im-

342 1071 535 1155 peratriciS,
558 1068 616 1156 (ut
641 1069 747 1134 altius
768 1075 934 1152 repetam,
957 1088 1001 1133 ne
1024 1067 1156 1133 veritas
1176 1073 1290 1149 gesto·

342 1191 418 1235 rum
433 1171 540 1234 lateat
553 1167 742 1255 posteros,)
755 1188 908 1243 sororem
922 1167 1043 1233 uxoris
1062 1186 1148 1244 suae,
1168 1167 1289 1231 matris

342 1271 444 1335 istius
457 1270 617 1346 dominae,
637 1268 786 1333 Mariam
811 1269 961 1344 nomine,
983 1275 1131 1350 nuptum
1146 1265 1290 1330 dederat

343 1369 510 1453 praedicto
532 1369 660 1446 comiti,
676 1368 768 1452 quod
793 1375 885 1432 esset
904 1368 935 1432 is
950 1374 986 1431 et
1001 1367 1125 1450 amplis
1150 1365 1291 1450 majori·

342 1471 408 1534 bus
422 1477 531 1547 ortuS,
543 1469 713 1551 simulque
728 1468 912 1551 prudentia
930 1465 1175 1532 etfortitudine
1183 1465 1291 1550 juxte

343 1570 502 1651 insignis.
554 1569 610 1632 Ex
628 1568 743 1632 Maria
764 1567 973 1632 Eustachius
996 1567 1083 1631 nihil
1103 1566 1289 1630 liberorum

344 1669 425 1732 tulit
447 1674 575 1752 praetcr
600 1668 706 1731 filiam
734 1666 916 1732 Matildem
938 1666 1121 1732 vocabulo.
1174 1664 1291 1743 Hanc,

344 1775 444 1851 patre
458 1768 632 1846 defuncto,
648 1768 800 1831 nubilem
814 1767 905 1831 idem
929 1765 1290 1848 magnificentissimus

344 1889 408 1932 rex
434 1867 611 1951 Stephano
637 1868 756 1950 nepoti
775 1868 931 1949 legitimo
945 1865 1165 1931 matrimonio
1184 1884 1291 1948 copu-

343 1968 442 2045 lavit,
463 1974 498 2032 et
518 1968 649 2050 pariter
670 1966 924 2031 Bononiensem
946 1967 1149 2031 comitatum
1172 1964 1291 2029 indus-

344 2069 411 2131 trie
424 2068 629 2150 acquisivit;
645 2086 725 2130 nam
739 2074 843 2131 antea
859 2066 1133 2131 Moritoliensem
1149 2065 1186 2128 in
1202 2064 1291 2129 Nor·

341 2168 487 2233 mannia
508 2187 554 2230 ex
576 2187 640 2235 suo
661 2165 815 2232 dederat.
867 2165 947 2230 Hos
966 2166 1152 2230 comitatus
1172 2165 1292 2248 nepoti

346 2286 409 2331 suo
425 2287 527 2350 quem
543 2266 730 2343 nominavi,
749 2265 951 2343 Eustochio,
965 2265 1103 2347 legatus
1111 2263 1193 2348 jure
1207 2265 1292 2329 dan·

347 2366 409 2429 dos
433 2366 666 2430 destinaverat
684 2366 768 2429 dum
791 2374 892 2448 pater
914 2366 1131 2448 inceptione
1158 2371 1292 2429 tenere·

347 2473 424 2546 tur;
447 2466 664 2547 imperatrice
687 2484 828 2549 prorsus
848 2467 1033 2542 abnuente,
1056 2464 1228 2531 incertum
1249 2483 1295 2528 an

347 2565 425 2628 aliis
451 2566 555 2629 etiam
578 2540 813 2647 promittente.
870 2565 951 2645 Qua
981 2564 1041 2629 ille
1065 2564 1220 2628 offensus
1241 2563 1294 2637 in-

342 2664 449 2748 juria,
468 2665 586 2728 multis
608 2665 729 2728 diebus
753 2665 797 2728 ab
821 2663 897 2748 ejus
922 2664 1091 2729 abstinuit
1114 2663 1224 2742 curia,
1246 2671 1293 2743 et,

347 2765 505 2847 quamvis
525 2782 619 2846 saepe
641 2770 873 2841 revocaretur,
898 2783 1026 2845 negare
1046 2764 1293 2845 perseveravit

349 2864 491 2927 Interea
522 2863 691 2927 familiare
720 2862 813 2946 apud
840 2862 1027 2927 Geldesord
1056 2883 1135 2927 cum
1152 2865 1295 2944 regina,
1327 2943 1328 2946 Ἴ

346 2956 464 3028 'fratris
481 2982 602 3040 uxore,
619 2963 828 3046 colloquium
849 2962 983 3041 habuit,
997 2962 1145 3047 ejusque
1157 2963 1295 3047 lachry-

347 3064 412 3126 mis
442 3070 477 3127 et
507 3062 744 3127 satisfactione
779 3062 947 3126 infractus
979 3062 1024 3126 ad
1055 3063 1294 3129 liberationem

348 3163 503 3245 germani
530 3163 681 3226 animum
706 3162 875 3242 intendit3
916 3181 1035 3226 omnes
1063 3163 1167 3226 etiam
1200 3163 1294 3228 illius

347 3264 457 3344 partis
473 3281 559 3345 quos
571 3262 606 3325 in
624 3261 770 3326 concilio
787 3263 1160 3341 excommunicaverat,
1175 3260 1296 3327 incon·

348 3363 449 3426 sultis
479 3361 662 3443 episcopie,
691 3361 852 3426 absolvit.
920 3361 1136 3426 Ferebantur
1166 3369 1203 3425 et
1233 3382 1296 3446 per

347 3459 512 3543 Angliam
547 3460 622 3544 ejus
651 3461 688 3524 in
711 3461 965 3543 imperatricem
990 3462 1162 3543 querelae:
1202 3461 1295 3546 quod

348 3580 427 3624 eum
448 3579 571 3641 capere
582 3560 751 3641 voluerit;
775 3559 868 3642 quod
885 3560 1048 3644 quicquid
1064 3561 1096 3625 ei
1113 3561 1296 3646 juraverat

348 3659 534 3743 pronihilo
550 3659 729 3739 habuerit;
748 3678 867 3724 omnes
880 3660 1027 3724 barones
1037 3659 1178 3742 Angliae
1194 3661 1296 3726 fidem

348 3779 447 3823 suam
464 3760 556 3823 circa
579 3779 655 3823 eam
672 3759 847 3842 implesse,
869 3758 930 3824 sed
958 3760 1072 3842 ipsam
1096 3768 1296 3841 temerasse,

349 3879 428 3943 quae
444 3859 623 3943 acquisitis
638 3858 691 3923 uti
704 3858 857 3923 modeste
872 3859 1033 3925 nesciret.

559 4172 567 4203 ¹
580 4169 727 4243 Oculisne]
749 4175 801 4237 E.;
819 4176 938 4238 qualiter,
949 4176 978 4225 S.
986 4176 1021 4226 D.
1034 4173 1087 4225 La.
