2866 4868
319 411 385 476 712
604 427 777 477 rusrorur
802 429 980 478 novrum.
1145 411 1233 494 [um.
1252 428 1276 475 ι.

322 585 412 646 enim
427 590 463 649 et
480 585 615 666 magnis
636 584 812 650 laboribus
835 586 907 650 suis
929 587 966 651 in
988 605 1126 651 cassum
1144 586 1275 665 effusis,

323 683 415 748 datis
439 684 496 750 vel
521 684 709 750 honoribus
733 685 790 751 vel
817 685 983 764 castellis,
1009 676 1209 752 simulatam
1232 688 1275 752 ad

325 790 461 867 tempus
492 804 612 867 pacem
645 787 689 849 ab
721 786 791 849 illis
821 788 1051 870 promerebat.
1113 788 1276 873 Denique

325 885 452 949 multos
469 886 574 948 etiam
600 887 756 963 comites,
772 887 832 969 qui
855 892 938 950 aute
963 906 1032 951 non
1047 887 1199 967 fuerant,
1222 889 1275 952 in·

326 985 460 1064 stituit3
499 985 672 1068 applicitis
714 986 990 1069 possessionibus
1021 994 1056 1051 et
1085 988 1276 1053 redditibus

327 1104 405 1167 quae
426 1086 566 1168 proprio
584 1085 665 1169 jure
687 1087 761 1169 regi
786 1087 1039 1169 competebant.
1092 1087 1204 1152 Erant
1225 1089 1276 1152 illi

328 1184 499 1249 avidiores
522 1185 566 1248 ad
588 1186 787 1268 petendum,
815 1193 850 1249 et
871 1188 902 1249 is
924 1185 1097 1269 profusior
1119 1188 1165 1253 ad
1189 1188 1276 1252 dan-

328 1284 431 1364 dum3
470 1286 554 1368 quia
577 1285 670 1349 fama
695 1306 757 1370 per
782 1283 947 1368 Angliam
971 1287 1155 1366 volitabat,
1183 1289 1275 1371 quod

328 1403 443 1449 comes
472 1384 685 1450 Gloecestrae
717 1386 905 1464 Robertus,
934 1385 995 1469 qui
1021 1393 1096 1451 erat
1121 1388 1158 1451 in
1185 1389 1277 1453 Nor-

329 1486 481 1562 mannia,
507 1485 543 1548 in
569 1487 729 1568 proximo
753 1493 870 1569 partes
904 1486 1031 1550 sororis
1062 1487 1152 1551 foret
1176 1488 1276 1573 adju-

330 1590 442 1662 turus,
473 1604 556 1666 rege
587 1587 826 1651 tantummodo
857 1593 940 1651 ante
967 1585 1133 1651 diffidato.
1200 1589 1277 1653 Nec

332 1677 433 1749 ¹fides
458 1704 572 1749 rerum
591 1684 693 1750 famae
715 1686 892 1752 levitatem
915 1685 1096 1751 destituit:
1119 1688 1279 1752 celeriter
1313 1703 1318 1715 ·

330 1785 420 1848 enim
437 1791 518 1868 post
534 1785 776 1864 Pentecosten,
798 1787 912 1849 missis
933 1805 955 1849 a
972 1786 1189 1852 Normannia
1205 1789 1279 1852 suis

331 1885 417 1967 regi,
442 1905 537 1949 more
561 1886 732 1971 majorum
757 1885 944 1950 amicitiam
974 1892 1009 1950 et
1037 1886 1139 1950 fidem
1171 1888 1278 1953 inter·

331 1984 432 2063 dixit,
457 1985 619 2069 homagio
641 1987 745 2050 etiam
777 1985 958 2066 abdicato;
995 1983 1164 2051 rationem
1188 2007 1278 2071 prae-

329 2085 443 2149 ferens
466 2105 570 2169 quam
592 2086 627 2150 id
647 2087 745 2172 juste
759 2086 900 2164 faceret,
915 2085 997 2168 quia
1020 2093 1055 2150 et
1070 2106 1135 2150 rex
1156 2087 1277 2153 illicite

331 2185 375 2248 ad
391 2205 536 2268 regnum
560 2187 787 2269 aspiraverat,
805 2193 840 2251 et
855 2205 991 2250 omnem
1006 2185 1108 2249 fidem
1134 2188 1201 2252 sibi
1220 2188 1279 2272 ju·

330 2273 442 2350 ratam
473 2286 687 2368 neglexerat,
718 2307 762 2351 ne
794 2286 905 2351 dicam
943 2285 1108 2351 mentitus
1144 2286 1278 2367 tirerat3

330 2387 476 2468 ipsemet
499 2387 584 2470 quin
608 2387 713 2451 etiam
743 2394 865 2451 contra
893 2387 1005 2467 legem
1034 2387 1176 2469 egisset,
1208 2389 1280 2471 qui,

330 2494 410 2570 post
424 2495 677 2552 sacramentum
694 2486 787 2571 quod
803 2487 913 2551 sorori
923 2486 1078 2565 dederat,
1089 2487 1191 2551 alteri
1207 2489 1279 2562 cui·

330 2587 414 2651 libet
442 2607 483 2651 ea
498 2589 637 2652 vivente
660 2607 698 2653 se
724 2607 847 2653 manus
873 2586 955 2650 dare
978 2606 1048 2650 non
1072 2587 1278 2653 erubuisset.

330 2684 544 2752 Animabant
561 2689 722 2752 nimirum
747 2695 895 2751 mentem
918 2686 994 2771 ejus
1016 2687 1204 2752 multorum
1227 2708 1281 2753 re-

331 2787 533 2869 ligiosorum
563 2807 741 2872 responsa,
769 2807 857 2870 quos
888 2806 992 2870 super
1025 2789 1167 2870 negotio
1196 2807 1279 2853 con·

330 2889 506 2953 soluerat:
536 2887 644 2952 Nullo
661 2888 762 2954 modo
777 2908 855 2952 eum
877 2906 979 2971 posse
994 2887 1068 2950 sine
1089 2888 1280 2969 ignominia

330 2988 438 3052 vitam
462 2996 666 3072 praesentem
689 2989 894 3070 transigere,
909 2987 965 3053 vel
988 2989 1111 3051 mereri
1133 2990 1281 3054 beatitu-

331 3087 445 3152 dinem
469 3089 606 3166 futurae,
630 3090 660 3153 si
688 3097 842 3172 paternae
863 3086 1128 3153 necessitudinis
1161 3109 1279 3154 sacra-

331 3196 484 3252 mentum
509 3189 644 3253 irritum
666 3188 821 3252 baberet.
870 3181 942 3252 ²Ad
967 3188 1042 3251 baec
1063 3189 1168 3252 etiam
1195 3208 1280 3274 apo-

330 3289 445 3352 stolici
467 3289 595 3354 decreti
622 3308 694 3372 prae
718 3309 755 3352 se
778 3296 931 3352 tenorem
953 3287 1098 3366 ferebat,
1119 3290 1280 3373 proecipi-

332 3388 421 3451 entis
436 3396 476 3453 ut
490 3396 719 3466 sacramento,
730 3388 822 3472 quod
837 3394 1009 3470 praesonte
1024 3395 1122 3470 patre
1137 3389 1280 3468 fecerat,

331 3488 494 3552 obediens
511 3495 621 3569 esset;
645 3489 745 3572 cujus
765 3488 895 3553 decreti
916 3489 1079 3571 paginam
1097 3489 1281 3571 posteriori

331 3587 448 3652 libello
463 3589 614 3652 indicere
635 3590 775 3653 curabo.
830 3587 918 3651 Haec
933 3589 988 3652 vir
1007 3587 1078 3665 ille,
1094 3588 1156 3670 qui
1176 3589 1283 3673 plena

331 3687 495 3752 satietate
510 3689 688 3752 literarum
712 3687 892 3767 scientiam
908 3687 1131 3765 combiberat,
1153 3707 1283 3771 magno

331 3786 447 3850 fructu
467 3789 532 3852 sibi
546 3789 619 3853 fore
641 3789 875 3871 inposterum
897 3787 1041 3851 sciebat.
1093 3786 1281 3868 Caeterum,

332 3907 394 3950 rex
420 3907 513 3970 aegre
529 3889 642 3952 ferens
664 3888 799 3952 comitis
822 3885 1155 3970 magnanimitatem,
1172 3890 1282 3954 omni·

366 4159 375 4193 ¹
389 4157 488 4231 Fiden]
500 4164 548 4223 Ea
560 4164 663 4228 veritus,
675 4165 704 4214 S.
719 4165 792 4216 c.D.
853 4159 864 4192 ²
882 4161 924 4213 Aa
945 4161 1018 4224 lca]
1042 4163 1092 4226 E.;
1109 4162 1186 4213 Adde
1204 4164 1285 4227 quod,

332 4234 385 4284 Μ.
791 4258 793 4275 s
820 4233 848 4284 S.
862 4235 892 4285 G.
905 4234 958 4295 D.;
974 4232 1200 4296 Addebantquod,
1212 4235 1270 4285 m.
