2866 4868
176 432 244 480 mn.
260 415 325 498 1v.]
402 434 518 483 cnsrn
542 434 669 483 aneon
693 437 908 488 nuenoaou.
1059 426 1125 492 581

175 592 296 655 ulcisci
328 594 503 676 sperabat.
569 594 681 659 Porro
715 595 864 673 Turcus,
897 592 976 682 (qui
1012 599 1123 680 magis
1136 619 1232 660 narsen

175 691 297 756 fraude
313 701 348 757 et
364 702 491 759 eventu
514 715 618 778 quam
634 697 762 760 virtute
788 704 823 760 et
839 692 978 760 ¹bellica
1000 699 1123 763 militia
1135 671 1287 761 iiieffl'm'

176 792 296 858 ducem
313 795 473 877 cepisset,
485 795 664 877 quodcum
679 799 799 879 paucis
815 797 857 861 ad
871 797 1122 863 Mellentiniam

176 895 294 957 urbem
309 895 541 976 recipiendam
557 893 730 979 venerat)
753 897 866 959 sciens
883 897 1037 962 Francos
1060 920 1122 981 pro
1226 935 1231 944 ·

176 994 226 1057 rei
244 994 376 1076 pudore
390 995 522 1059 viribus
544 995 708 1060 extremis
730 997 767 1058 in
790 1015 827 1059 se
849 1016 984 1075 usuros,
998 1000 1035 1061 in
1058 1018 1123 1062 sua

175 1113 212 1157 se
237 1095 380 1176 recepit,
396 1096 595 1178 compositis
619 1114 703 1158 sane
721 1096 910 1173 ordinibuS,
929 1117 996 1161 non
1021 1101 1122 1180 quasi

176 1193 294 1275 fugam
310 1195 516 1273 intenderet,
535 1195 596 1259 sed
613 1195 714 1277 quasi
733 1195 945 1280 triumphum
969 1198 1121 1263 duceret.

177 1294 276 1358 Tunc
309 1295 544 1372 Baldewinus,
572 1295 667 1359 ultra
690 1295 942 1364 Mellentiniam
976 1298 1123 1362 duorum

176 1394 307 1458 dierum
338 1396 431 1459 viam
470 1415 685 1478 progressus,
713 1416 793 1460 cum
825 1397 958 1462 videret
988 1398 1123 1463 hostem

175 1495 257 1559 belli
271 1497 511 1560 necessitatem
526 1495 709 1572 declinare,
728 1498 940 1560 redeundum
963 1501 1101 1580 putavit
1114 1520 1123 1578 ;

176 1602 212 1659 et
238 1602 317 1661 ante
345 1603 460 1659 tamen
485 1597 604 1660 urbem
628 1597 665 1660 in
689 1615 771 1660 suos
796 1617 892 1674 usus,
918 1618 988 1662 non
1011 1600 1122 1663 invito

177 1695 341 1777 praesecto
358 1695 532 1773 Gabriele,
545 1696 755 1761 transduxit.

228 1795 336 1881 §aad
360 1796 498 1861 Interea
516 1797 651 1878 perlato
673 1797 718 1860 ad
736 1816 774 1861 se
791 1798 918 1863 nuncio
938 1798 982 1862 de
1005 1797 1123 1863 fratris
1134 1823 1156 1863 1⁸
1165 1824 1245 1864 elena

176 1897 285 1976 obitu,
312 1897 574 1980 provincialium
600 1916 642 1961 ac
664 1897 790 1962 ducum
818 1898 854 1961 in
878 1899 953 1982 ejus
982 1874 1263 1974 electio-iiiiaiffio

178 2017 255 2062 nem
277 2017 458 2074 consensu,
486 1997 727 2064 commendata
757 1998 890 2063 Edessa
919 1976 1259 2063 Baldewino³⁰¹¹¹⁸³¹‘¹⁰'

178 2104 339 2180 cognato,
362 2097 563 2161 arctissimae
584 2099 849 2163 necessitudinis
864 2099 1123 2181 propinquitate

177 2196 375 2281 conjuncto,
396 2204 431 2262 et
452 2205 579 2279 praeter
601 2198 677 2263 haec
697 2217 808 2279 neque
830 2199 1037 2280 imprudenti
1062 2219 1123 2262 ne-

176 2316 243 2379 que
258 2297 399 2380 ignavo,
413 2298 457 2363 ad
472 2297 798 2381 lerosolymitanum
813 2318 957 2379 regnum
974 2310 1123 2363 mentem

176 2397 322 2481 impulit
375 2399 605 2480 Congregatis
620 2418 703 2480 ergo
718 2399 891 2480 equitibus
904 2399 1073 2477 ducentia,
1087 2409 1123 2464 et

177 2498 349 2582 peditibus
363 2498 603 2581 septingentis,
617 2499 683 2562 iter
693 2500 832 2581 plenum
850 2500 970 2563 mortis
983 2508 1019 2563 et
1033 2501 1123 2582 peri-

177 2599 330 2664 culorum
347 2599 524 2680 ingressus
540 2606 615 2678 est;
638 2599 730 2663 unde
746 2599 900 2662 audaciae
915 2606 1023 2663 tantae
1040 2620 1123 2664 con-

178 2701 266 2764 tuitu
290 2698 400 2775 multi,
417 2717 505 2779 quos
527 2699 617 2763 falso
631 2699 748 2763 fideles
772 2700 1017 2775 arbitrabatur,
1039 2698 1124 2780 fuga

178 2798 392 2863 clandestina
414 2798 550 2881 dilapsi.
613 2798 695 2882 Ipse
723 2819 800 2864 cum
829 2799 970 2881 reliquis
997 2796 1123 2862 Antio·

178 2898 289 2962 chiam
305 2899 417 2982 petiit,
430 2899 554 2980 ingens
570 2906 779 2962 momentum
794 2898 959 2963 desolatis
974 2898 1122 2976 futurus,

174 2999 321 3063 consilio
335 2999 471 3080 sagacis
491 2999 616 3062 mentis
637 2998 827 3063 informans
851 3006 891 3062 ut
905 2997 1123 3063 Tancredum

177 3105 334 3181 peterent
350 3099 387 3161 in
402 3096 578 3162 ducatum.
627 3098 714 3163 Inde
731 3118 794 3181 per
809 3097 984 3162 Gibellum
1000 3106 1035 3163 et
1053 3099 1123 3163 La-

181 3198 325 3263 odiciam
348 3197 446 3263 venit
469 3197 659 3281 Tripolim:
683 3199 781 3283 cnjus
809 3200 903 3261 urbis
921 3199 1123 3275 admiratus,

178 3297 317 3362 natione
343 3297 482 3381 quidem
504 3298 652 3376 Turcus,
677 3300 738 3363 sed
756 3299 858 3380 genio
882 3300 1032 3363 naturali
1055 3301 1123 3364 cle-

178 3398 316 3462 mentiae
330 3399 521 3463 visceribus
536 3398 709 3482 profusus,
725 3405 827 3463 extra
848 3418 964 3462 muros
987 3399 1038 3463 illi
1052 3400 1124 3464 vic-

177 3498 231 3561 tui
252 3498 448 3563 necessaria
467 3498 674 3579 destinavit;
698 3500 835 3583 adjecto
851 3500 1041 3582 quinetiam
1065 3501 1125 3562 be-

180 3598 360 3680 nignitatis
382 3598 547 3662 mandato
571 3606 611 3662 ut
625 3600 812 3681 prudenter
832 3619 869 3662 se
895 3606 1025 3681 ageret,
1043 3600 1125 3681 quia

179 3698 303 3763 Ducah
329 3718 393 3762 rex
419 3699 715 3763 Damascenorum
743 3701 916 3763 tramitem
939 3706 1125 3779 angustum

180 3806 411 3882 occupaverat
434 3819 615 3882 perquem
635 3800 733 3863 illum
756 3799 914 3862 audierat
930 3807 1124 3863 venturum.

180 3900 257 3976 Ille,
272 3918 375 3981 quem
398 3899 543 3981 puderet
558 3900 659 3964 minis
682 3899 864 3963 Saracenis
887 3900 1030 3974 moveri,
1044 3919 1127 3963 con-

178 4000 286 4063 stanti
308 4001 437 4077 animo,
466 4019 534 4081 quo
556 4010 797 4082 proposuerat,
827 3999 1027 4077 contendit3
1054 3999 1126 4075 sed,

216 4251 223 4281 ¹
234 4254 329 4304 Bellica
340 4249 456 4322 militia]
475 4254 509 4304 D.
521 4254 552 4304 E.
562 4271 569 4315 ;
588 4255 688 4317 militia,
701 4255 729 4304 S.
741 4255 786 4315 C.;
797 4251 1008 4391 bellicaj112stitia,
1020 4250 1053 4301 A.
1063 4252 1093 4301 L.

956 4344 978 4402 Q
