2866 4868
329 405 394 470 536
551 421 665 469 casm
688 421 816 470 ancuu
839 421 1054 470 aucuoauu.
1129 405 1286 488 [cmiv.

332 579 424 643 notis
453 579 587 644 artibus
612 579 732 644 toxica
753 580 810 646 vel
835 579 1034 642 fluminibus
1052 576 1109 643 vel
1127 577 1287 641 vestibus

332 678 536 744 infundens:
561 680 620 743 sed
638 679 713 743 haec
731 678 964 762 postmodum.
1017 677 1108 740 Tum
1125 697 1209 741 vero
1223 696 1286 740 ex-

334 780 479 843 ercitum
505 781 589 843 urbe
616 798 749 856 arcens,
769 779 1039 861 proceribusque
1065 777 1192 840 blande
1214 777 1288 841 col-

334 880 484 957 locutus,
507 886 646 944 tantum
664 878 773 943 Graia
790 878 954 942 facundia
970 877 1093 953 valuit,
1115 883 1155 941 ut
1171 896 1193 940 a
1212 877 1285 940 sin-

335 979 428 1060 gulis
452 979 641 1044 hominium
671 987 707 1043 et
732 985 985 1043 sacramentum
1010 978 1169 1059 exigeret
1192 976 1287 1060 quod

336 1078 389 1141 illi
403 1078 487 1142 nihil
505 1079 576 1142 doli
590 1078 891 1158 machinarentur3
915 1078 1008 1160 quod
1023 1078 1126 1141 urbes
1139 1077 1287 1160 imperio

337 1196 402 1243 suo
428 1178 649 1262 appendices,
667 1179 697 1242 si
718 1177 900 1260 adquirere
920 1185 1076 1260 possent,
1091 1176 1287 1255 redderent,

338 1280 518 1360 sanguinis
541 1279 595 1342 sui
620 1278 774 1361 periculo
797 1278 948 1341 alienum
973 1284 1168 1341 mercantes
1192 1296 1287 1340 com-

338 1378 490 1443 modum.
543 1378 616 1442 Soli
644 1377 842 1442 Raimundo
857 1378 933 1441 visa
955 1384 1008 1441 est
1031 1377 1207 1459 antiquior
1229 1383 1286 1440 tu-

339 1477 438 1542 endae
451 1478 622 1542 libertatis
644 1479 771 1561 gratia,
789 1483 828 1541 ut
843 1498 907 1542 nec
922 1476 990 1560 ipsi
1006 1496 1108 1540 suum
1130 1477 1287 1540 subster-

339 1585 436 1642 neret
456 1578 659 1655 hominium,
685 1598 748 1642 nec
775 1577 996 1660 profiteretur
1020 1583 1285 1641 sacramentum.

340 1676 478 1760 Itaque,
503 1679 633 1742 coactis
655 1678 814 1743 omnibus
830 1677 973 1754 viribus
997 1677 1143 1741 Niceam
1165 1677 1287 1740 urbem

339 1777 504 1842 Bithiniae
531 1777 791 1860 aggrediuntur.
845 1777 964 1860 Ipsam
988 1770 1096 1841 ¹enim
1126 1777 1288 1859 primitus

338 1878 518 1959 placuerat
534 1877 664 1955 invadi,
680 1877 773 1960 quod
788 1884 824 1941 et
840 1876 1015 1942 viantibus
1038 1876 1235 1954 obsisteret,
1252 1883 1288 1941 et

338 1983 484 2042 mortem
499 1978 758 2060 peregrinorum
775 1996 885 2059 nuper
900 1979 948 2041 ibi
963 1978 1155 2041 occisorum
1174 1977 1287 2040 ultum

338 2078 388 2141 ire
414 2078 558 2142 animati
584 2085 720 2142 essent:
754 2096 902 2160 namque
927 2071 1106 2142 Walterus
1133 2077 1287 2160 quidam,

338 2178 438 2242 miles
454 2180 621 2261 probatus
645 2178 706 2242 sed
723 2197 890 2259 praeceps,
904 2175 1005 2264 (quia
1020 2178 1082 2242 vix
1098 2178 1135 2240 in
1151 2177 1289 2241 bomine

338 2297 408 2342 uno
430 2279 636 2359 sapientiam
658 2289 693 2342 et
707 2277 889 2341 audaciam
911 2277 1179 2360 conspicaberis
1194 2277 1288 2360 quod

338 2377 450 2441 altera
463 2386 628 2456 moretur,
639 2379 750 2442 altera
764 2376 989 2462 praecipitet)
1001 2378 1288 2460 incircumspecte

338 2477 430 2541 circa
454 2477 584 2542 moenia
609 2478 793 2558 cursitans
817 2497 895 2541 cum
920 2478 1032 2542 multa
1053 2496 1159 2540 manu
1183 2496 1287 2541 occu·

338 2577 470 2642 buerat.
523 2578 611 2642 Eam
627 2597 766 2642 manum
785 2578 913 2642 Petrus
931 2578 1100 2642 heremita
1116 2577 1285 2662 praedica-

338 2677 490 2742 tionibus
505 2677 577 2742 suis
594 2678 637 2742 de
654 2679 770 2763 patria
785 2678 990 2761 pellexerat.

563 2833 623 2917 'nn
647 2870 812 2918 ronnaro
835 2870 1052 2919 uouuuuuo.
1159 2902 1165 2906 .

177 2995 299 3036 aurosa
390 2975 499 3059 §aaa
522 2975 546 3041 J
549 2997 605 3041 am
627 2997 709 3043 vero
734 2998 852 3042 mense
877 2978 1083 3061 Septembri,
1109 2979 1288 3045 Robertus

339 3074 620 3141 Normannornm
643 3098 770 3156 comae,
786 3078 894 3143 frater
907 3079 1074 3144 Willelmi
1099 3081 1203 3162 regis
1226 3101 1287 3145 cu-

333 3174 394 3259 jus
410 3177 550 3240 titulum
565 3178 620 3240 bic
636 3178 724 3242 liber
739 3186 866 3261 gestat,
883 3181 950 3243 iter
961 3179 1047 3243 illud
1061 3180 1190 3244 adoriri
1206 3201 1288 3262 ges·

338 3275 439 3353 tienS,
457 3275 579 3341 habuit
593 3278 706 3342 socios
722 3278 916 3343 Robertum
929 3280 1190 3357 Flandrensem,
1208 3280 1287 3345 Ste-

337 3375 491 3456 phanum
526 3377 725 3442 Blesensem
763 3380 892 3443 sororis
930 3381 1104 3443 maritum.
1157 3379 1287 3445 Omnes

338 3475 463 3558 amplae
492 3478 663 3560 prosapiae
686 3480 842 3557 comites,
864 3479 901 3543 in
924 3480 1049 3562 quibus
1063 3481 1175 3544 virtus
1197 3481 1287 3546 citra

337 3594 448 3656 genus
471 3596 541 3640 non
568 3584 655 3641 erat.
708 3578 886 3643 Parebant
912 3580 962 3643 eis
981 3577 1102 3661 Angli,
1125 3587 1161 3645 et
1190 3580 1285 3645 Nor-

336 3676 466 3753 manni,
490 3683 526 3740 et
543 3676 785 3742 Occidentales
808 3679 947 3756 Franci,
969 3686 1005 3743 ct
1029 3679 1232 3759 Flandritae,
1250 3688 1289 3747 et

336 3776 488 3839 omnium
505 3778 710 3859 populorum
727 3779 826 3842 cunci
844 3780 903 3861 qui
926 3781 970 3843 ab
994 3799 1124 3844 oceano
1143 3781 1286 3844 Britan-

336 3875 414 3939 nico
431 3877 602 3958 usquead
620 3876 730 3960 Alpes
747 3879 999 3943 mediterraneo
1016 3887 1131 3943 tractu
1150 3881 1284 3962 jacent.

336 3973 394 4038 Ita
411 3976 503 4038 viam
520 3977 666 4058 profecti
681 3971 903 4061 ²receperunt
916 3979 1010 4062 apud
1028 3979 1142 4043 Lucas
1155 4000 1285 4064 papam

368 4194 481 4262 'Enim.]
493 4199 526 4252 A.
540 4201 568 4251 S.
579 4203 609 4252 G.
619 4202 653 4253 D.
663 4203 694 4253 L.
704 4218 711 4263 3
722 4204 795 4252 omit·
855 4175 1051 4260 ηψπ]
1064 4178 1110 4240 3⁸3
1119 4181 1286 4244 ‘efferunt'

330 4268 477 4320 tedinar.
819 4248 1285 4370 2·qurenuntacsreppererunt,
