2866 4868
333 399 398 466 632
501 411 659 468 ,cnsrr
686 411 815 460 arcun
837 410 1056 461 Aucnonuu.
1145 392 1235 476 [err.
1250 407 1288 456 v.

334 571 451 656 perius
476 566 568 655 dixi)
594 568 778 653 Philippus
803 568 988 637 accedente
1008 568 1118 644 senio,
1141 565 1286 630 libidine

336 670 465 754 gravio,
476 662 748 753 ¹comitissaeque
762 667 1026 751 Andagavensis
1040 667 1155 750 specie
1172 667 1285 743 lusnS,

336 769 466 835 illicitis
484 769 663 833 ardoribus
674 768 907 832 defoeneratus
920 768 1165 832 famulabatur.
1189 765 1287 845 Quo-

337 871 431 933 circa
445 869 489 932 ab
504 869 695 951 apostolico
711 868 1041 945 excommunicatae,
1055 886 1133 930 cum
1149 865 1185 929 in
1201 865 1288 930 villa

338 988 409 1051 qua
432 969 643 1033 mansitabat
669 967 755 1032 nihil
779 966 888 1031 divini
915 967 1048 1038 servitii
1074 965 1183 1043 fieret,
1211 965 1286 1042 sed,

339 1067 603 1144 discedentem,
620 1067 767 1130 tinnitus
789 1067 965 1148 signorum
978 1066 1131 1148 undique
1146 1084 1289 1129 concre-

339 1173 475 1251 parent,
498 1167 666 1231 insulsam
691 1165 888 1230 fatuitatem
910 1164 1087 1230 cachinnis
1113 1165 1288 1248 exprime-

339 1268 421 1347 bat3
445 1265 603 1344 ‘Audis,'
618 1266 791 1348 inquiens,
807 1270 818 1301 ‘
827 1266 918 1329 bella
935 1265 1106 1349 quomodo
1121 1283 1185 1328 nos
1202 1264 1289 1327 effu·

341 1374 428 1448 gant
439 1364 468 1432 l'
518 1365 618 1430 Adeo
634 1371 709 1430 erat
725 1365 884 1429 omnibns
908 1365 1081 1448 episcopis
1098 1364 1289 1446 provinciae

341 1484 414 1529 suae
440 1464 582 1543 derisui,
602 1473 642 1531 ut
669 1464 786 1528 nullus
812 1484 871 1528 eos
894 1463 1121 1547 desponsaret
1142 1457 1291 1546 ²praeter

341 1564 556 1629 Willelmum
573 1565 870 1646 archiepiscopum
889 1563 1202 1645 Rotomagensem3
1227 1582 1290 1626 cn·

337 1663 398 1748 jus
413 1663 496 1729 sacti
511 1664 742 1747 temeritatem
751 1663 816 1730 luit
824 1663 943 1727 multis
958 1664 1058 1727 annis
1073 1662 1291 1741 interdictus,

342 1769 378 1827 et
388 1762 450 1827 vix
465 1763 604 1827 tandem
622 1762 809 1846 aliquando
823 1782 885 1845 per
899 1760 1101 1826 Anselmum
1119 1761 1293 1845 archiepi-

343 1862 712 1945 scopum'apostolicae
734 1861 967 1925 communioni
988 1861 1155 1926 redditus.
1207 1860 1294 1924 Phi-

342 1960 438 2044 lippo
454 1962 587 2025 interea
611 1961 708 2025 nulla
727 1979 824 2024 mora
846 1961 979 2025 insanae
998 1960 1211 2025 temulentiae
1229 1979 1294 2024 sa·

342 2061 500 2124 tietatem
522 2060 616 2137 fecit,
634 2061 700 2123 nisi
716 2060 821 2143 quod,
844 2059 881 2122 in
906 2068 1061 2124 extremo
1075 2061 1157 2125 vitae
1174 2065 1294 2123 tactus

342 2160 474 2237 morbo,
489 2153 745 2224 ³monachicum
761 2158 853 2242 apud
872 2159 1068 2224 Floriacnm
1079 2159 1213 2241 accepit
1230 2154 1296 2222 ha·'

343 2258 471 2322 bitum:
495 2257 673 2341 pulchrius
690 2265 726 2321 et
742 2257 953 2324 fortunatius
974 2259 1046 2332 illa,
1071 2258 1163 2343 quod
1186 2265 1295 2323 aetate

345 2364 380 2421 et
395 2357 545 2420 sanitate
562 2357 710 2438 integra,
724 2376 788 2421 nec
803 2359 916 2440 specie
932 2366 1070 2441 rugata,
1085 2358 1177 2440 apud
1196 2356 1293 2422 Fon-

345 2462 415 2519 tem
428 2455 572 2519 Evraldi
585 2457 896 2521 sanctimonialium
912 2458 1058 2541 appetiit
1073 2457 1209 2537 velum;
1227 2477 1292 2521 nec

344 2553 454 2619 multo
469 2560 550 2636 post
571 2556 734 2637 praesenti
750 2557 833 2621 vitae
847 2556 1033 2635 valefecit,
1051 2557 1129 2621 Deo
1143 2556 1298 2623 forsitan*

345 2653 548 2734 providente
575 2673 645 2718 non
673 2673 775 2736 posse
801 2655 959 2720 delicatae
982 2656 1136 2720 mulieris
1166 2671 1299 2741 corpus

344 2750 521 2833 religionis
536 2753 712 2817 laboribus
726 2753 903 2837 inservire.

396 2850 505 2934 §toa
528 2849 578 2916 At.
598 2872 680 2916 vero
708 2851 914 2918 Lodowicus
939 2853 1030 2916 filius
1053 2852 1209 2938 Philippi
1230 2873 1297 2919 va··

344 2948 433 3013 rium
447 2969 484 3013 se
500 2951 675 3032 praestitit,
692 2951 728 3015 in
750 2959 875 3016 neutra
897 2959 997 3035 parte
1012 2953 1099 3017 bene
1115 2960 1293 3019 constans.

344 3047 464 3113 Primo
488 3043 578 3113 enim
595 3056 749 3132 tempore
766 3050 935 3133 plurimus
951 3053 988 3115 in
1002 3051 1145 3116 fratrem
1160 3053 1293 3117 irarum
1384 3073 1389 3081 ·

344 3156 466 3212 auctor
482 3147 638 3213 Henrico
663 3149 707 3213 ad
725 3149 928 3232 capiendam
943 3150 1194 3215 Normanniam
1214 3151 1295 3232 fuit,

342 3252 525 3329 corruptus
549 3248 711 3312 videlicet
743 3247 939 3331 Anglorum
965 3250 1086 3333 spoliis
1118 3258 1153 3316 et
1181 3252 1294 3317 multo

351 3516 353 3520 Α
376 3484 580 3550 ¹Comitirooequc
598 3484 802 3552 audegavensis]
1296 3524 1301 3530 ·

342 3555 805 3619 Bertrade‚fourthwiicofFonlquer
864 3554 1053 3608 monetam
1071 3561 1135 3624 apud
1153 3561 1295 3614 deocm

341 3625 390 3685 IV,
400 3625 453 3674 earl
463 3624 493 3674 oi
499 3625 594 3686 Anjou.
828 3628 920 3690 accepit
930 3622 1060 3695 habitum]
1079 3630 1211 3694 Althongh
1224 3633 1298 3698 King

358 3690 497 3744 ‘²Proeter
519 3695 668 3744 Willelmam
687 3694 806 3758 archiepi·
829 3696 950 3758 Philippa
969 3712 986 3746 a
1002 3697 1052 3747 few
1063 3713 1137 3759 years
1153 3701 1239 3752 before
1256 3703 1298 3753 his

341 3763 806 3883 iiiiuii'iiiiiiihffiii
829 3765 1260 3903 Sii‘ssiiffiitiiiissfil
1270 3773 1303 3892 t

342 3901 401 3950 Odo
408 3901 534 3964 bishopof
542 3903 666 3965 Bayeu13
678 3905 724 3952 but
732 3904 805 3965 Pope
830 3918 890 3954 seen
901 3905 928 3954 in
938 3905 981 3954 the
992 3907 1083 3968 epistle
1094 3910 1195 3958 written
1205 3916 1231 3959 to
1243 3911 1297 3963 him

282 4029 284 4031 ‚
342 3970 431 4019 Urban
458 3971 498 4033 ΙΙ,
531 3971 558 4020 in
590 3973 631 4022 his
658 3973 752 4034 epistle
779 3977 806 4022 to
829 3975 863 4036 by
876 3974 957 4038 Hugh
976 3976 1053 4025 abbot
1068 3974 1098 4026 of
1113 3977 1201 4041 Cluni,
1215 3986 1261 4041 yet
1276 3982 1298 4031 it

342 4038 460 4103 Roynald
479 4040 628 4103 archbishop
647 4042 676 4091 oi
692 4041 806 4104 Rheims,
829 4059 939 4106 appears
949 4043 1004 4094 that
1014 4044 1046 4094 he
1057 4060 1133 4096 never
1143 4050 1243 4099 carried
1254 4050 1297 4102 his

340 4110 453 4228 §sangibas
475 4111 496 4160 it
518 4113 545 4160 to
567 4111 644 4162 Ursio
665 4110 756 4176 bishop
779 4112 809 4163 ol
830 4113 920 4177 design
931 4114 983 4164 into
994 4114 1076 4166 effect.

359 4193 373 4227 e
401 4193 432 4230 rs.
