2866 4868
178 391 327 473 maru]
399 407 512 457 cns'rn
536 409 663 456 nncuu
687 409 901 458 suononuu.
1063 397 1129 462 587

178 570 242 641 ret,
271 565 347 629 sine
376 565 610 648 irreparabilis
638 567 845 631 discriminis
872 575 967 631 metu
989 578 1127 649 gentem
1140 586 1237 635 nausa

177 682 275 727 suam
298 666 341 728 de
363 685 432 729 uno
455 666 492 729 in
516 667 612 731 aliud
635 675 790 732 castrum
811 689 854 731 ne
874 669 1124 736 transduceret.
1138 645 1290 738 iiieinifflm‘

177 763 328 829 Evidens
355 786 439 848 ergo
468 767 672 831 miraculum
696 770 899 850 pronuncio,
931 770 1023 851 quod
1057 772 1125 836 Dei

175 864 282 929 solius
297 873 412 930 tutum
429 866 594 949 suffragio
606 875 706 932 tanta
720 869 946 933 barbarorum
961 869 1125 936 horrebat

176 966 282 1030 natio.

227 1065 335 1149 5379.
360 1064 429 1130 Illo
455 1087 559 1145 anno,
580 1067 640 1150 qui
660 1067 726 1131 fuit
742 1068 935 1132 Dominicae
962 1069 1258 1134 incarna-r.n.1101.

175 1164 280 1229 tionis
305 1164 506 1232 millesimus
541 1169 747 1233 centesimus
778 1168 921 1250 primus,
947 1169 1038 1251 ignis
1065 1190 1122 1235 sa-

174 1272 303 1343 cratus,
325 1268 386 1349 qui
414 1267 549 1332 solebat
573 1268 729 1350 vigiliam
758 1267 905 1334 Paschae
933 1269 1121 1349 illustrare,

174 1365 327 1432 tardavit
340 1367 420 1449 plus
437 1368 552 1433 solito.
605 1368 758 1434 Sabbato
783 1370 873 1432 enim
898 1370 997 1434 lectis
1016 1372 1121 1435 alter·

172 1466 281 1530 natim
307 1467 512 1532 lectionibus
539 1468 663 1533 Graece
689 1476 724 1533 et
746 1469 883 1548 Latine,
903 1471 1120 1553 repetitoque

174 1572 226 1629 ter
242 1565 375 1649 ‘Kyrie
389 1569 542 1645 eleison,'
555 1577 590 1633 et
599 1569 694 1633 clara
706 1569 872 1652 Syrorum
884 1570 1032 1634 melodia
1042 1591 1119 1654 per-

172 1671 359 1748 strepente,
383 1688 462 1732 cum
483 1669 629 1733 necdum
651 1677 835 1752 appareret
858 1655 963 1750 iguis,
988 1678 1023 1735 et
1043 1671 1119 1754 jam

122 1814 125 1819 -
172 1765 334 1831 occiduus
351 1769 404 1832 sol
415 1788 595 1851 vesperam
611 1776 763 1850 urgeret,
778 1776 914 1832 noctem
928 1770 1118 1850 inveheret,

172 1867 216 1929 ab
243 1869 401 1932 omnibus
429 1890 508 1933 cum
539 1890 685 1933 moerore
710 1870 747 1932 in
773 1869 893 1932 domos
917 1869 1117 1935 discessum.

171 1965 358 2032 Placuerat
385 1971 476 2034 enim
502 1989 673 2052 perpenso
696 1970 840 2033 consilio
868 1976 908 2032 ut
933 1970 993 2033 illa
1017 1978 1118 2035 nocte

171 2069 264 2131 omni
291 2069 428 2134 homine
446 2077 586 2134 vacaret
612 2071 724 2133 sancti
750 2069 931 2151 Sepulchri
959 2070 1117 2147 ecclesia,

170 2187 212 2231 nc
241 2168 380 2251 aliquis,
410 2170 466 2233 cui
498 2170 655 2234 ulcerosa
683 2170 865 2252 squalebat
894 2170 1117 2249 conscientia,
1170 2226 1172 2230 ,

170 2268 284 2331 Deum
295 2270 407 2350 magis
420 2270 573 2334 irritaret
583 2270 762 2351 ingerendi
770 2270 995 2352 impudentia.
1018 2269 1041 2333 J
1045 2289 1118 2333 am-

169 2388 237 2449 que
250 2369 403 2434 diluculo
425 2371 553 2434 sensim
568 2371 604 2435 in
619 2371 731 2434 lucem
757 2378 927 2452 serpente,
943 2371 1117 2452 processio

171 2467 375 2533 Latinorum
397 2469 441 2532 ad
466 2470 633 2553 templum
663 2470 859 2535 Salomonis
888 2470 1045 2548 edicitur,
1078 2479 1118 2535 ut

169 2569 217 2631 ibi
243 2569 376 2633 oraturi
403 2570 471 2634 Dei
498 2571 765 2635 misericordiam
787 2572 993 2635 invitarent:
1025 2571 1116 2634 idern

168 2667 261 2733 circa
281 2670 499 2752 sepulchrum
524 2671 665 2734 Domini
686 2671 859 2735 faciebant
885 2671 975 2753 Syri,
997 2671 1031 2749 vi
1055 2671 1116 2735 do-

78 2828 81 2834 .
169 2767 251 2832 loris
264 2771 391 2834 barbas
406 2778 441 2834 et
455 2771 599 2853 capillos
614 2772 827 2835 vellicantes
881 2770 956 2834 Nec
972 2771 1031 2833 diu
1054 2791 1117 2853 po·

170 2874 267 2933 tuere
286 2870 360 2952 pati
374 2870 493 2934 divina
509 2872 653 2948 viscera,
668 2870 846 2935 confestim
863 2871 942 2951 igne
958 2871 994 2932 in
1011 2890 1116 2933 unam

168 2968 361 3051 lampadem
379 2971 552 3052 sepulchri
573 2972 738 3036 immisso.
784 2969 898 3049 Quem
913 2990 990 3033 cum
1005 2971 1116 3032 anim-

168 3069 375 3135 advertisset
411 3069 520 3153 Syrus
556 3091 618 3153 per
654 3071 823 3135 fenestras
856 3069 1116 3147 scintillantem,

167 3169 293 3251 plausu
323 3188 487 3234 manuum
516 3171 673 3234 laetitiam
700 3170 861 3252 prodens,
887 3189 1025 3232 cursum
1052 3189 1116 3250 pa·

167 3270 327 3335 triarchae
350 3271 568 3335 acceleravit.
622 3269 700 3347 Ille,
715 3270 871 3333 clavibus
888 3289 975 3352 quas
999 3276 1115 3350 gesta-

167 3371 228 3435 bat
244 3370 387 3453 adytum
409 3370 565 3436 aediculae
589 3371 815 3452 sepulchralis
840 3371 1010 3452 aperienS,
1028 3362 1115 3432 ¹coe-

167 3470 254 3535 leste
278 3491 412 3535 munus,
427 3491 524 3535 cereo
549 3490 694 3534 accenso
723 3472 862 3547 extulit,
885 3470 1043 3533 omnibus
1070 3469 1114 3531 ad

167 3569 232 3635 hoc
247 3572 529 3636 concurrentibus
546 3570 814 3635 communicans
862 3571 950 3633 Mox
965 3589 1027 3651 per
1042 3588 1116 3632 om-

166 3691 245 3737 nem
270 3671 450 3736 ecclesiam
484 3678 620 3734 caeterae
651 3671 817 3735 divinitus
845 3689 999 3734 accensae
1033 3676 1115 3732 sunt

165 3771 363 3853 lampades3
380 3771 504 3834 mirum
516 3772 552 3834 in
562 3771 700 3835 modum
710 3770 782 3848 illa,
797 3791 875 3853 quae
887 3761 1114 3852 proxime²il-

165 3871 367 3935 luminanda
390 3878 492 3950 esset,
506 3870 600 3935 fumo
623 3870 802 3952 praemisso
818 3871 966 3935 vicinam
992 3888 1114 3932 accen-

201 4090 209 4123 ¹
230 4093 331 4174 qoeierte
348 4107 434 4140 munuc
447 4106 513 4140 cereo
531 4106 627 4174 accenso
688 4115 698 4144 2
716 4111 904 4182 mmmm]
927 4113 960 4164 A·
980 4115 1008 4163 S·
1031 4115 1060 4167 c·
1080 4113 1115 4163 D.

90 4252 92 4256 Α
164 4162 556 4295 ἴᾟιτέ.]8οε1ἳυ1ώετ,ῦεεια
569 4163 628 4223 Der,
653 4190 709 4237 Μ.
722 4189 768 4247 1,ιὶ
785 4186 886 4236 omitted
900 4187 926 4233 in
938 4187 994 4234 El·
