2866 4868
126 417 195 466 mn.
211 401 270 483 ιι]
416 419 589 469 nrsronm
612 421 789 470 novacen.
1009 408 1074 473 725

123 576 335 642 reclinabat:
355 578 542 654 Robertus,
560 577 758 643 Christiana
772 578 902 661 pietate
916 577 1072 662 insignis,

122 675 160 740 in
179 676 299 743 Sancti
321 678 471 762 Spiritus
491 688 526 742 et
541 678 689 753 dominae
714 686 845 743 sanctae
863 678 987 743 Mariae
1010 700 1073 764 pa-

124 778 270 843 trocinio
284 785 379 842 totus
394 778 564 862 pendulus
582 786 668 844 erat.
713 779 780 843 Ille
797 780 832 841 in
850 785 926 843 tota
943 779 1072 860 Gallia,

124 885 160 942 et
174 879 301 961 partim
313 880 350 943 in
365 878 555 943 Germania
571 887 607 944 et
622 879 831 957 Brittannia,
841 880 994 944 fautores
1008 880 1071 945 ha-

123 978 221 1057 bene,
244 999 380 1043 omnem
407 981 512 1044 etiam
534 979 729 1044 Romanam
756 980 902 1063 plebem,
924 988 1071 1064 excepto

123 1085 259 1156 senatu,
283 1081 480 1144 muneribus
507 1080 573 1143 sibi
595 1081 819 1144 devinxerat:
843 1081 921 1156 iste,
945 1089 1072 1165 praeter

122 1180 350 1261 paucissimos
365 1180 425 1262 qui
441 1180 520 1244 fidei
533 1180 705 1262 quondam
723 1180 854 1263 juratae
868 1201 937 1244 non
951 1182 1071 1246 imme·

123 1298 237 1343 mores
248 1289 347 1343 erant
360 1281 397 1343 in
413 1278 555 1363 Anglia,
570 1282 754 1363 optimates
770 1281 826 1346 vel
846 1281 1070 1347 adversantes

123 1380 179 1444 vel
193 1379 278 1443 nihil
300 1380 516 1464 adjuvantes
528 1389 693 1464 expertus
707 1388 772 1445 est.
823 1378 971 1466 Appulit
987 1404 1070 1465 ergo

122 1477 372 1561 Arundellum;
401 1482 518 1564 ibique
532 1501 691 1546 novercae
711 1501 797 1558 suae,
812 1501 928 1564 quam,
942 1484 1071 1547 amissa

123 1587 235 1645 matre
256 1582 485 1664 imperatricis
509 1580 567 1668 (ut
587 1581 754 1664 praelatus
775 1578 882 1667 snm),
896 1582 1070 1648 Henricus

122 1700 185 1744 rex
202 1681 377 1763 quondam
389 1683 480 1747 lecto
494 1682 730 1765 copulaverat,
745 1689 822 1746 tuta
836 1680 893 1768 (ut
906 1682 1071 1768 putabat)

121 1781 280 1845 custodia
311 1802 462 1848 sororem
489 1782 627 1847 interim
656 1783 842 1864 delegavit.
895 1782 977 1867 lpse
1008 1805 1071 1866 per

122 1888 194 1945 tam
220 1882 409 1947 consertam
430 1883 634 1960 barbariem,
660 1884 721 1946 vix
748 1882 829 1946 dum
854 1881 912 1970 (ut
935 1883 1070 1971 audivi)

122 1980 304 2046 duodecim
317 1983 482 2047 militibus
498 1983 695 2060 comitatus
711 1983 853 2048 Bristou
869 1984 1046 2048 contendit
1059 2005 1068 2064 3

122 2090 323 2147 occurrente
346 2084 412 2147 sibi
427 2084 539 2148 medio
554 2085 686 2147 itineris
702 2083 832 2148 Briano
847 2084 917 2148 filio
934 2085 1070 2148 comitis

123 2202 168 2246 ex
186 2181 446 2266 walengeford.
498 2184 574 2248 Nec
601 2185 710 2248 multo
728 2191 808 2266 post
827 2185 991 2266 cognovit
1012 2204 1070 2250 so-

122 2302 235 2347 rorem
262 2303 308 2348 ex
334 2281 525 2348 Arundello
556 2285 766 2368 profectam3
798 2282 948 2349 noveica
978 2287 1069 2349 enim

122 2382 286 2448 foeminea
306 2383 448 2448 levitate
469 2383 583 2461 fidem,
611 2386 739 2449 totiens
764 2385 869 2447 etiam
896 2385 1010 2449 missis
1032 2387 1069 2450 in

124 2482 376 2548 Normanniam
388 2484 522 2548 nunciis
534 2486 749 2567 promissam,
765 2483 945 2549 fefellerat.
997 2486 1069 2550 De·

122 2583 174 2648 dit
196 2603 260 2648 rex
276 2577 395 2668 ¹porro
419 2584 629 2668 imperatrici
644 2584 894 2649 Wintoniensis
917 2585 1070 2670 episcopi

123 2682 270 2748 Henrici
282 2692 324 2749 ‘et
339 2684 730 2771 comitisMellentensis
743 2684 962 2751 Walleranni
988 2706 1069 2750 con-

121 2783 265 2848 ductum
278 2805 287 2864 3
304 2804 406 2868 quem
419 2785 572 2863 cuilibet,
588 2785 747 2868 quamvis
759 2785 981 2850 infestissimo
1002 2787 1069 2850 ini·

120 2884 222 2963 mico,
246 2905 375 2966 negare
398 2885 622 2949 laudabilium
645 2886 791 2950 militum
815 2905 889 2950 mos
909 2906 977 2950 non
1003 2894 1066 2950 est.

121 2983 170 3049 Et
192 2983 437 3067 Wallerannus
467 2985 605 3069 quidem
631 2985 725 3049 ultra
750 2984 894 3048 Caluam
926 2985 1068 3049 tendere

120 3085 326 3168 supersedit,
353 3087 516 3169 episcopo
548 3086 584 3148 in
611 3084 783 3149 conductu
810 3093 1066 3166 perseverante.

120 3184 319 3250 Contractis
333 3205 416 3269 ergo
442 3204 557 3251 comes
580 3185 735 3249 celeriter
758 3185 867 3267 copiis
888 3184 931 3248 ad
956 3193 1067 3250 metas

119 3304 143 3349 a
167 3305 249 3368 rege
273 3285 374 3350 datas
407 3286 559 3362 advenit,
591 3304 811 3367 sororemque
835 3278 897 3347 ²ad
925 3285 1066 3351 Bristou

119 3386 228 3450 tutior
250 3385 425 3469 perduxit.
477 3386 624 3469 Recepit
646 3385 742 3448 illam
765 3392 888 3467 postea
908 3386 944 3448 in
962 3385 1068 3450 Gloe-

118 3493 268 3553 cestram
293 3484 399 3564 Milo,
416 3487 476 3570 qui
498 3486 679 3550 castellum
708 3485 861 3569 ejusdem
883 3486 977 3550 urbis
1001 3488 1067 3551 sub

118 3585 417 3652 comitehabebat
442 3595 594 3669 tempore
616 3586 708 3667 regis
736 3584 893 3662 chrici,
921 3586 1003 3651 dato
1036 3588 1068 3651 ei

118 3685 281 3769 homagio
303 3693 339 3751 et
364 3687 552 3751 fidelitatis
569 3690 805 3750 sacramento:
839 3705 919 3749 nam
947 3686 1068 3750 eadem

117 3787 242 3853 civitas
257 3794 363 3870 caput
377 3793 430 3851 est
445 3788 500 3850 sui
514 3786 710 3851 comitatus

156 4094 164 4126 ¹
188 4099 301 4164 Porro]
324 4102 380 4162 E.;
403 4115 472 4164 ergo,
494 4100 523 4150 S.
547 4101 581 4149 D.
644 4094 982 4158 ²AdBrr'stoututior.]li.;
1000 4094 1069 4143 Bris-

117 4169 174 4219 La.
610 4174 674 4217 towe
685 4167 718 4216 ad
728 4169 832 4229 tutiora,
842 4166 871 4215 S.
883 4165 918 4215 D.
933 4165 985 4217 ic.
1067 4174 1070 4179 '

738 4277 918 4369 ‚3ss
