2866 4868
345 390 411 456 658
567 405 680 455 unsri
704 405 831 454 neuun
855 404 1069 454 sucronuu.
1162 389 1300 472 [einr.

184 584 304 624 contueor
346 569 557 627 tecessorum
583 583 726 627 suornm
756 580 961 645 recuperare
989 571 1025 626 et
1051 568 1169 626 tenere
1195 562 1298 646 adju·

184 636 318 726 &iiiiii
346 663 448 741 vabo,
469 665 562 728 bona
583 664 662 741 fide,
678 664 752 727 sinc
771 663 892 727 fraude
907 668 944 726 et
958 662 1050 726 malo
1072 661 1236 744 ingenio:
1261 670 1297 728 ct

186 735 303 786 ΜΝ·
344 762 483 827 domiuo
514 783 616 846 papae
643 763 806 827 Paschali
831 761 1001 838 obediam,
1032 761 1131 826 salvo
1163 761 1295 827 honore

345 863 444 944 regni
466 871 502 928 et
523 863 668 947 imperii,
686 863 777 927 sicut
799 862 961 927 catholici
986 863 1215 945 imperatores
1236 882 1296 927 ca·

345 961 484 1027 tholicis
506 963 728 1045 pontificibus
745 961 938 1027 Romanis?
990 962 1036 1026 Et
1057 962 1118 1027 isti
1139 969 1224 1027 sunt
1236 962 1296 1046 ju-

345 1069 479 1126 ratores
504 1083 549 1126 ex
576 1071 677 1146 parte
697 1063 806 1146 ipsius
828 1062 943 1144 regis:
974 1062 1172 1126 Fridericus
1189 1061 1296 1127 Colo·

273 1163 275 1169 '
346 1162 475 1226 niensis
498 1162 791 1246 archiepiscopus,
815 1161 1048 1227 Godebardus
1070 1161 1296 1228 Tridentinus

346 1263 542 1345 episcopus,
569 1263 689 1327 Bruno
703 1261 875 1345 Spirensis
893 1262 1088 1345 episcopus
1113 1263 1294 1344 Berenga-

345 1362 417 1425 rius
444 1381 571 1439 comes,
596 1362 762 1427 Albertus
790 1362 1028 1438 cancellarius,
1056 1361 1296 1426 Herimannus

345 1481 473 1539 comes,
498 1462 695 1527 Fridericus
722 1481 838 1527 comes
862 1462 1051 1545 palatinae,
1081 1462 1295 1527 Bonefaoius

345 1562 512 1640 marchio,
529 1562 696 1628 Albertus
720 1582 835 1628 comes
857 1562 899 1626 de
922 1561 1144 1639 Blandriaco,
1171 1562 1293 1627 Fride-

345 1662 437 1726 ricus
460 1682 588 1741 comes,
605 1661 812 1727 Godefricus
833 1680 960 1740 comes,
974 1661 1182 1727 Warnerius
1202 1681 1296 1727 mar-

345 1760 433 1826 chio.

184 1881 312 1923 securior
398 1861 520 1944 §·423.
549 1860 630 1924 Hac
654 1861 883 1926 conventione
905 1861 1058 1945 expleta,
1086 1868 1122 1925 et
1147 1861 1297 1944 praedic·

182 1933 220 1970 the
231 1942 304 1971 conue-

182 1968 461 2026 enumeratorum
494 1962 736 2045 opiscoporum
761 1969 797 2026 et
821 1961 1049 2026 cardinalium
1074 1969 1296 2027 sacramento

183 2042 279 2080 emperor

183 2082 294 2142 rerer,
346 2062 560 2139 confirmata,
578 2062 698 2126 osculo
715 2062 877 2144 utrinque
899 2061 994 2138 dato,
1016 2060 1175 2125 dominus
1200 2081 1295 2146 papa

185 2132 310 2223 {iiiiii
345 2169 471 2244 quarto
495 2162 574 2225 idus
589 2158 733 2244 Aprilis,
758 2161 943 2225 Dominica
968 2159 1080 2240 Quasi
1105 2161 1209 2226 modo
1232 2182 1293 2244 ge·

346 2261 422 2339 niti,
436 2262 578 2325 missam
593 2260 781 2326 celebravit
796 2281 806 2340 ;
828 2261 865 2324 in
880 2279 962 2344 qua,
978 2268 1059 2344 post
1077 2261 1291 2327 communio·

345 2380 423 2425 nem
439 2381 539 2425 suam
557 2370 592 2426 et
602 2361 837 2425 ministrorum
851 2360 984 2436 altaris,
999 2361 1201 2444 imperatori
1217 2381 1292 2428 cor-

343 2479 409 2542 pus
432 2468 468 2525 et
489 2462 693 2543 sanguinem
711 2454 870 2525 ¹Domini
889 2459 984 2525 dedit
1010 2460 1048 2524 in
1072 2460 1147 2525 haec
1164 2462 1291 2527 verbu:

344 2560 447 2624 ‘Hoc
463 2561 684 2626 Dominicum
699 2579 837 2644 corpus,
855 2560 948 2643 quod
963 2567 1187 2625 sacrosancta
1197 2567 1294 2627 tenet

344 2659 502 2739 ecclesia,
526 2668 647 2726 natum
673 2680 719 2725 ex
741 2660 857 2725 Maria
878 2660 1026 2742 virgine,
1054 2661 1227 2726 elevatum
1253 2662 1291 2727 in

344 2779 445 2825 cruce
467 2782 530 2844 pro
557 2760 793 2844 redemptione
820 2759 963 2824 humani
990 2760 1140 2842 generis,
1166 2760 1291 2825 damus

344 2860 407 2924 tihi
428 2859 495 2948 (fili
515 2857 733 2946 charissime)
750 2861 786 2924 in
808 2859 1044 2924 remissionem
1068 2867 1291 2943 peccatorum

343 2967 495 3036 tuorum,
510 2968 545 3026 et
561 2961 598 3024 in
614 2960 911 3025 conservationem
932 2959 1177 3024 confirmandae
1194 2963 1292 3045 pacis

342 3067 378 3124 et
391 3081 484 3126 verae
496 3061 658 3125 amicitiae
676 3061 766 3125 inter
782 3079 837 3124 me
860 3067 896 3124 et
908 3067 956 3137 te,
970 3067 1006 3124 ot
1021 3079 1166 3142 regnum
1182 3068 1220 3126 et
1233 3080 1291 3127 sa·

342 3160 556 3226 cerdotium.'
606 3157 730 3224 Altero
744 3179 827 3225 vero
848 3160 904 3223 die
928 3159 1142 3242 apostolicus
1164 3167 1201 3225 et
1226 3181 1290 3226 rex

341 3252 405 3324 ²ad
420 3262 597 3325 columnas
613 3279 691 3344 quae
708 3259 841 3325 suntin
856 3259 1202 3341 foroconvenernnt3
1221 3261 1292 3327 dis-

341 3361 465 3444 positis
479 3360 650 3444 praesidiis
664 3360 887 3425 loricatorum
904 3359 1099 3442 uhicnnque
1108 3360 1292 3427 videbatur
1312 3446 1315 3451 ,

342 3479 429 3542 opus
451 3480 541 3539 esse,
555 3481 599 3524 ne
614 3460 837 3543 impediretur
850 3459 944 3541 regis
966 3461 1189 3525 consecratio.
1242 3461 1292 3526 Et

340 3557 377 3621 in
393 3558 575 3642 Argentea
592 3561 702 3625 Porta
723 3567 880 3643 receptus
898 3566 952 3624 est
967 3579 1031 3623 rex
1047 3561 1091 3624 ab
1105 3560 1291 3644 episcopis,

341 3666 377 3723 et
392 3660 637 3737 cardinalibus
652 3668 687 3724 et
704 3666 780 3724 toto
805 3659 898 3725 clero
916 3659 1096 3740 Romano;
1120 3667 1156 3725 ot
1172 3668 1292 3745 coepta

341 3760 497 3824 oratione
522 3781 600 3844 quae
634 3761 671 3823 in
701 3760 819 3824 ordine
844 3759 1042 3823 continetur
1064 3760 1108 3823 ab
1135 3760 1291 3826 Ostiensi

341 3860 514 3943 episcopo,
537 3860 700 3943 quoniam
714 3858 875 3924 Albanus
893 3859 1024 3939 deerat,
1048 3879 1069 3924 a
1092 3879 1161 3944 quo
1183 3860 1292 3925 dobu-

374 4087 519 4153 ¹Domini.]
542 4089 576 4140 A·
594 4094 622 4142 ιςΙ
645 4095 674 4144 c.
693 4094 728 4144 Β.
744 4095 801 4145 Μ
864 4065 1248 4152 ²Aacolu3nmr.]s11pporeu
1267 4077 1293 4122 to

338 4160 391 4209 ω,
401 4176 408 4220 ς
424 4161 527 4210 omitted
539 4162 565 4210 in
578 4164 632 4213 El.
827 4138 859 4187 he
878 4138 921 4188 the
937 4140 1086 4190 remmusoi
1098 4140 1141 4189 the
1157 4141 1251 4204 temple
1267 4141 1298 4191 oi

826 4209 930 4270 Jupiter
940 4210 1032 4260 Stator.
1087 4268 1093 4279 ,
