2866 4868
172 598 268 638 Baldwlu

174 649 226 696 king
234 649 323 689 ortoru-

173 698 247 738 salem.

173 2875 208 2914 He
216 2877 300 2916 returns

173 2928 196 2964 to
205 2926 291 2966 Edessa.

335 405 401 471 580
556 420 670 471 cnsru
693 422 819 471 aneon
844 420 1058 468 anononuu.
1131 405 1218 486 [ms.
1236 420 1285 468 ιν.

338 578 453 660 Igitur
477 585 557 660 post
578 576 881 643 circumcisionem
897 577 1039 641 Domini
1057 571 1222 661 ¹sumptis
1248 580 1285 642 in

335 679 359 743 J
362 679 452 742 erico
466 678 602 760 palmis,
620 678 712 759 quod
727 678 863 759 insigne
876 676 1171 760 peregrinantium
1193 679 1285 742 anti-

336 780 451 862 quitas
474 779 636 854 instituit,
660 777 759 841 sedes
774 778 920 859 quisque
938 796 1020 841 suas
1036 777 1163 860 raptim
1185 798 1285 860 repe-

336 885 408 941 tere
422 884 661 960 properarunt.
715 876 832 940 Causa
846 877 1077 941 festinationis
1095 884 1169 942 erat
1180 885 1286 960 putor
1393 951 1395 955 .

335 977 588 1041 inconditorum
612 976 832 1053 cadaverum,
848 996 994 1058 quorum
1019 976 1070 1040 ita
1096 976 1286 1041 exhalabat

335 1096 473 1140 coenum
490 1083 530 1139 ut
544 1077 656 1158 ipsum
674 1076 822 1140 violaret
844 1076 981 1139 coelum.
1034 1075 1208 1154 Quocirca
1230 1084 1284 1140 ta·

334 1176 416 1238 bida
432 1176 551 1258 pestiS,
576 1176 612 1237 in
637 1193 740 1238 auras
763 1174 918 1252 effluens,
933 1175 1061 1238 multos
1082 1194 1126 1238 ex
1147 1175 1200 1238 his
1224 1178 1285 1258 qui

335 1273 471 1339 noviter
488 1282 654 1339 venerant
679 1275 774 1338 letho
803 1275 916 1354 dedit;
950 1274 1066 1338 eaeteri
1093 1294 1154 1356 per
1178 1276 1283 1339 urbes

334 1375 536 1451 maritimas,
561 1373 779 1437 Tiberiadem
810 1374 887 1438 dieo
912 1381 947 1438 et
974 1373 1171 1437 Caesaream
1198 1374 1310 1438 Phi--

334 1473 431 1556 lippi,
445 1480 706 1537 maturaverunt
724 1473 802 1550 iter,
818 1473 910 1554 quod
925 1493 984 1537 eos
1000 1473 1152 1538 tenuitas
1168 1475 1283 1539 victus

334 1579 369 1635 et
396 1573 531 1636 hostilis
558 1580 670 1636 metus
695 1575 878 1654 urgebant.
930 1572 997 1637 Sed
1020 1573 1115 1651 fami,
1138 1580 1178 1636 ut
1195 1574 1283 1653 dixi,

334 1672 536 1736 consuluere
550 1673 675 1754 pedum
694 1673 890 1736 celeritate:
915 1680 951 1736 et
968 1679 1199 1737 trecentorum
1217 1676 1282 1738 mi-

333 1771 445 1849 litum,
461 1773 520 1854 qui
535 1791 593 1835 eos
608 1772 650 1836 de
668 1772 800 1836 Baldao
820 1773 963 1837 castello
988 1772 1213 1850 infestabant,
1229 1774 1283 1837 su-

333 1871 403 1934 rori
420 1879 673 1954 prospexerunt
686 1872 846 1935 militaris
863 1873 947 1935 artis
959 1865 1169 1952 calliditate3
1185 1893 1282 1937 nam-

334 1990 401 2052 que
416 1971 578 2035 simulata
600 1972 776 2054 paulisper
797 1971 893 2053 fuga,
909 1972 1030 2054 utipsi
1046 1971 1088 2035 de
1111 1974 1283 2054 angustiis

332 2071 488 2134 locorum
507 2071 694 2136 evadentes
722 2071 857 2136 Turcos
879 2072 1094 2158 inducerent,
1120 2074 1282 2137 consulto

334 2190 479 2248 cessere,
496 2171 556 2234 sed
579 2191 661 2235 mox
677 2172 862 2235 retroversi
883 2171 1056 2254 dispersos
1079 2170 1196 2234 hostes
1219 2192 1283 2255 pro

333 2270 431 2334 libito
446 2265 593 2334 ²fudere.
645 2269 863 2334 Putaverant
884 2271 935 2333 illi
956 2277 1094 2333 nostros
1112 2270 1283 2336 inhabiles

333 2389 473 2451 pugnae,
488 2371 579 2452 quod
600 2377 715 2433 essent
739 2369 853 2452 clypei
876 2390 996 2434 eorum
1015 2377 1051 2433 et
1076 2388 1178 2432 arcus
1203 2371 1282 2453 plu-

333 2469 417 2532 viali
430 2470 642 2533 abundantia
654 2470 797 2548 lentati3
822 2471 1090 2550 nesciebantque
1104 2469 1196 2551 quod
1211 2490 1282 2534 non

333 2567 372 2630 in
393 2587 566 2632 armorum
583 2569 638 2632 vel
660 2568 697 2631 in
719 2570 909 2650 tegminum
925 2568 1063 2646 fiducia,
1078 2568 1139 2631 sed
1160 2568 1198 2631 in
1220 2589 1283 2634 ex-

334 2667 471 2731 cellenti
486 2668 522 2732 vi
536 2669 728 2731 animorum
746 2674 782 2731 et
798 2668 904 2732 crudo
921 2670 1044 2732 robore
1063 2667 1281 2732 brachiorum

333 2766 480 2831 victoria
495 2769 647 2833 virorum
665 2766 843 2831 consistat.

385 2866 495 2950 §375.
520 2867 565 2931 Et
589 2875 663 2931 tum
686 2866 825 2949 quidem
849 2867 1072 2932 Baldewinus
1098 2867 1280 2945 Edessam,

335 2965 560 3029 Boamundus
576 2986 658 3030 vero
683 2964 918 3042 Antiochiam,
939 2967 1128 3032 incolumes
1149 2986 1282 3031 remea-

333 3072 427 3128 runt.
481 3065 588 3128 Initio
612 3071 727 3128 antem
754 3064 843 3129 Julii
864 3067 992 3129 mensis
1014 3067 1155 3130 licentia
1177 3065 1281 3130 famae

335 3163 526 3228 Baldewini
557 3165 698 3227 auribus
739 3164 863 3229 detulit
894 3165 1111 3248 splendidum
1152 3164 1279 3229 ducum

333 3270 530 3327 nostrorum
555 3263 780 3343 margaritum
802 3263 1020 3342 offuscatum,
1038 3265 1283 3328 Boamundum

332 3362 464 3425 seilicet
488 3370 639 3445 captum,
655 3369 690 3425 et
712 3363 748 3425 in
771 3369 912 3426 catenas
932 3364 1140 3447 conjectum,
1155 3382 1177 3427 a
1194 3383 1280 3446 quo-

333 3460 412 3523 dam
428 3461 622 3524 Danisman
644 3462 777 3542 gentili,
796 3468 831 3524 et
856 3462 893 3525 in
915 3463 984 3526 illis
1008 3464 1109 3526 terris
1133 3464 1280 3546 potenti.

334 3558 567 3643 Quapropter,
586 3560 831 3624 Edissenorum
845 3568 880 3625 et
894 3560 1190 3626 Antiochenorum
1206 3582 1282 3626 ma·

331 3678 379 3722 nu
403 3666 534 3736 coacta,
549 3659 721 3741 insignem
736 3660 1012 3724 Christianorum
1036 3661 1280 3726 contumeliam

365 3911 374 3942 ¹
397 3914 508 3977 Sumptis
535 3914 562 3962 in
583 3915 667 3962 Jerr'oo
694 3914 792 3976 palmia
816 3919 873 3965 29⁰.
909 3915 941 3964 In
957 3916 1008 3964 this
1026 3929 1136 3979 passage
1153 3917 1185 3966 L.
1204 3917 1281 3968 reads
1317 3910 1319 3913 ’

329 3985 391 4046 quod
401 3983 497 4045 insigne
506 3984 714 4046 peregrinantium
727 3984 792 4032 unti—
816 3986 824 4012 ‘
830 3984 914 4034 oaesis'
926 3985 1026 4036 instead
1037 3986 1066 4035 of
1072 3987 1080 4015 ‘
1090 3987 1216 4048 sumptis?

329 4053 411 4115 quitos
419 4053 550 4116 instituit]
563 4053 651 4102 Hence
663 4068 710 4101 our
721 4054 790 4102 word
1017 4114 1021 4120 ι

329 4123 337 4149 ‘
345 4117 459 4187 palmer,’
480 4137 509 4170 or
530 4123 668 4185 ‘pilgrim'
702 4124 735 4173 V.
746 4124 791 4172 Al·
849 4121 989 4188 ²Fudere.]
1004 4126 1032 4176 S.
1046 4126 1080 4176 D.
1093 4126 1143 4188 E.;
1155 4125 1282 4189 cecidere,

330 4192 392 4242 bert.
404 4195 518 4254 Aquens.
534 4207 575 4252 ap.
589 4192 669 4242 Gesta
686 4193 746 4254 Dei,
764 4196 790 4254 p.
815 4194 845 4243 L.
