2866 4868
179 1515 231 1554 Al).
243 1514 299 1554 1109.

332 422 397 489 680
547 440 660 489 susm
684 439 811 488 nucnu
835 437 1048 487 nucuouuu.
1146 421 1235 503 [nin.
1251 434 1284 480 v.

335 594 382 659 ris
398 596 594 674 translatio,
609 597 715 679 quod,
731 615 750 660 e
765 597 942 660 mausoleo
964 597 1130 672 levatum,
1149 593 1284 657 cunctis

336 697 532 760 volentibus
559 697 642 760 fecit
672 697 908 779 conspicuum.
975 695 1159 774 Tractavit
1198 692 1284 757 illud

336 815 423 860 ausu
448 796 540 860 felici
568 796 742 860 Radulfus
773 802 857 860 tunc
883 796 991 859 abbas
1019 795 1129 878 Sagii,
1160 801 1285 877 postea

337 895 537 960 Cantuariae
554 896 852 979 archiepiscopus3
869 903 904 960 et
918 895 1097 977 propalam
1112 894 1284 958 illibatum

336 995 492 1078 protulit,
523 995 615 1077 quod
647 994 852 1077 quibusdam
886 994 1038 1060 venisset
1071 993 1109 1056 in
1142 993 1285 1057 dubium

337 1104 454 1160 utrum
471 1095 554 1160 olim
568 1095 748 1178 vulgatum
771 1095 883 1158 adhuc
909 1095 952 1158 de
970 1094 1173 1176 integritate
1189 1113 1284 1158 com-

338 1196 475 1277 paginis
490 1194 632 1259 duraret
642 1189 650 1226 ¹
659 1195 874 1259 miraculum.
898 1193 1096 1276 Eodemque
1109 1194 1180 1258 fere
1197 1199 1284 1257 tem-

340 1314 423 1377 pore
445 1295 481 1358 in
505 1295 664 1359 Heliensi
685 1295 856 1372 coenobio,
878 1296 942 1358 sub
968 1295 1094 1358 abbate
1117 1293 1284 1370 Ricardo,

339 1395 526 1476 virginales
559 1396 696 1459 exuviae
726 1394 840 1458 beatae
874 1393 1101 1458 Etheldrithae
1136 1394 1284 1474 integrae

338 1496 445 1558 visae:
469 1495 665 1559 videntibus
688 1495 822 1578 stupori
841 1501 877 1558 et
899 1494 1036 1577 plausui
1051 1493 1158 1557 firere.
1205 1492 1284 1556 Mo-

338 1595 526 1658 nasterium
553 1595 652 1673 illud,
679 1615 790 1678 nuper
815 1614 837 1658 a
861 1613 943 1675 rege
969 1592 1123 1657 Henrico
1149 1592 1186 1656 in
1210 1593 1283 1676 epi-

337 1701 518 1776 scopatum
548 1701 732 1773 mutatum,
759 1696 907 1778 primum
940 1692 1120 1758 Horreum
1150 1692 1284 1775 accepit

337 1794 555 1877 episcopum3
570 1795 642 1877 qui,
657 1814 720 1877 pro
737 1795 883 1877 penuria
898 1794 1112 1871 victualium,
1129 1793 1284 1857 Bancor-

336 1913 490 1972 nensem,
516 1895 576 1958 ubi
597 1894 827 1959 intronizatus
855 1894 980 1972 marat,
1004 1894 1205 1958 deseruerat
1232 1893 1283 1958 lo·

338 2012 436 2058 cum:
455 2001 491 2058 et
504 2013 548 2057 ne
562 1993 790 2058 Lincoliensis
800 1994 958 2077 pontifex
972 1994 1166 2058 mutilatam
1182 2011 1283 2056 suam

336 2101 538 2175 quereretur
551 2094 738 2172 dioecesim,
762 2113 807 2158 ox
822 2095 924 2158 rebus
941 2093 1118 2157 Heliensis
1134 2093 1283 2157 coenobii

336 2192 500 2258 damnum
515 2214 578 2257 rex
591 2194 745 2272 sarcivit,
757 2194 932 2278 querelam
943 2187 1166 2276 ²composuit.
1190 2191 1283 2257 Sane

337 2293 420 2375 quid
443 2294 518 2378 ejus
533 2302 687 2376 tempore
709 2294 752 2357 de
773 2293 925 2377 primatu
945 2292 1090 2358 duorum
1110 2299 1284 2374 metropo-

338 2393 538 2472 litanorum,
556 2393 819 2459 cantuariensis
844 2401 878 2458 et
897 2393 1138 2471 Eboracensis,
1163 2392 1284 2456 situel

333 2492 481 2575 justitiae
506 2502 715 2577 surreptum,
741 2494 798 2558 vel
828 2493 994 2559 violentia
1021 2500 1283 2576 praesumptum,

338 2591 450 2655 dicam
475 2612 553 2656 cum
578 2594 622 2656 ad
641 2593 795 2658 ordinem
810 2613 949 2659 venero.
1000 2592 1024 2656 J
1026 2611 1082 2656 am
1099 2591 1191 2656 enim
1213 2598 1285 2656 ter·

338 2691 468 2756 minata
483 2693 572 2757 serie
587 2713 720 2775 regum,
732 2693 775 2756 de
790 2693 1008 2758 successione
1021 2693 1130 2758 totius
1142 2691 1293 2775 Angliae‘

337 2792 539 2872 pontificum
573 2793 656 2856 mihi
682 2793 783 2857 video
807 2812 884 2857 esse
912 2793 1114 2872 dicendum3
1152 2793 1284 2876 inquo

337 2891 469 2955 utinam
495 2891 650 2957 afflueret
675 2894 760 2957 uber
784 2892 920 2956 dicendi
942 2893 1053 2976 copia,
1071 2912 1115 2956 ne
1136 2893 1285 2957 ulterius

337 2992 401 3054 sub
428 2992 601 3056 oblivione
621 2993 764 3076 jaceant
791 3000 863 3056 tam
886 2993 1055 3075 praeclara
1080 2992 1204 3075 patriae
1232 2992 1286 3056 lu·

336 3091 440 3155 mina.
494 3091 540 3155 Et
566 3092 703 3174 quidem
729 3100 831 3157 erunt
852 3093 951 3157 multi
977 3092 1148 3170 fortassis,
1169 3092 1207 3155 in
1233 3091 1287 3156 di·

335 3191 446 3254 versis
469 3193 668 3272 regionibus
686 3190 835 3275 Angliae,
854 3193 913 3274 qui
935 3193 1094 3276 quaedam
1116 3192 1219 3256 aliter
1240 3210 1284 3255 ac

336 3308 400 3372 ego
416 3284 506 3353 ³dixi
524 3310 562 3355 se
585 3292 701 3356 dicant
717 3291 855 3354 audisse
872 3292 929 3356 vel
950 3292 1095 3374 legisse:
1118 3298 1287 3357 verunta-

370 3530 568 3598 ¹Miraeulam.]
596 3535 643 3585 See
665 3538 749 3598 antea,
770 3550 795 3597 p.
838 3534 913 3584 Illius
941 3547 1031 3583 nomen
1057 3534 1107 3583 tria
1133 3539 1287 3596 componunt

334 3605 392 3662 359,
403 3607 460 3652 note
472 3601 491 3652 ⁶.
870 3604 1003 3665 elementa,

368 3669 379 3700 ‘²
392 3667 553 3740 Composuit]
569 3673 638 3723 Here
650 3675 794 3724 terminatos
836 3675 868 3723 In
878 3675 990 3723 numeris
1000 3688 1106 3735 quorum
1117 3674 1227 3736 primum
1244 3688 1286 3723 sa·

333 3741 375 3799 tho
388 3742 445 3792 MS.
454 3741 576 3792 F.—The
584 3743 715 3806 following
721 3744 795 3806 lines,
869 3745 902 3792 tis
912 3744 1107 3803 indicatum,

333 3811 418 3860 which
433 3827 530 3874 appear
544 3813 624 3862 attho
642 3814 796 3876 conclusion,
837 3814 939 3862 Ponunt
966 3818 992 3862 et
1017 3813 1088 3874 leges
1110 3812 1209 3861 numeri
1236 3828 1284 3876 pro

333 3881 444 3930 indicate
472 3882 515 3931 the
536 3883 644 3933 writer's
669 3898 743 3934 name
770 3889 796 3935 to
870 3883 1142 3945 quinquerecundum,

333 3950 564 4002 havebeen‘lro.'
836 3955 864 4002 Si
871 3954 980 4004 Graecus
991 3953 1085 4002 scribat
1095 3957 1222 4014 postremo
1232 3950 1286 4002 col·

333 4021 485 4082 ‘Scripserit
510 4022 577 4070 hunc
607 4022 698 4071 librum
727 4023 796 4084 quis,
872 4025 924 4086 lige
934 4022 1027 4074 linem!
1128 4032 1135 4039 '

383 4091 462 4139 lector
472 4090 534 4140 forte
545 4092 673 4153 requiret;

350 4159 468 4209 Exacuat
480 4174 570 4211 sensus
586 4165 611 4210 et
622 4167 702 4212 metra
717 4163 796 4225 legat,
853 4159 865 4193 ³
875 4161 963 4226 Dixi]
974 4160 1008 4211 A.
1018 4161 1047 4213 S.
1059 4163 1089 4212 0.
1103 4163 1136 4212 D.
1149 4162 1173 4211 Ε
1181 4164 1206 4212 2.
1214 4160 1285 4222 ης

383 4231 433 4280 cito
444 4230 533 4281 discet.
819 4232 923 4282 omitted
933 4233 960 4281 in
972 4232 1026 4283 El.
