2866 4868
199 432 270 480 ma
288 416 358 496 111.]
483 432 656 481 nlsrorux
680 433 859 482 uovnnun.
1081 418 1146 484 761

197 590 337 654 liberari
353 609 455 672 posse
478 592 650 674 principes
666 612 753 674 quos
776 592 915 656 fortuna
934 610 1000 656 sua
1021 593 1292 699 i⁰fl⁰¹·{}ffl{¹ss¹„⁸·

196 691 305 755 uisset
322 698 457 754 catena.
502 690 658 754 Tandem
675 712 778 774 porro
792 693 1043 759 communicato
1061 714 1143 760 con·
1154 708 1299 750 wlorclou·

198 792 288 870 silio,
304 791 501 874 quicunque
523 792 733 874 imperatrici
756 792 933 871 favebant,
951 794 1078 858 crebris
1094 796 1143 861 le·
1153 758 1295 850 maan.

196 893 394 974 gationibus
411 892 570 956 comitem
587 893 807 971 conveniunt,
820 900 861 957 ut
877 895 958 976 quia
974 914 1043 958 non
1062 915 1141 978 pos-

196 1000 249 1057 set
275 992 366 1075 quod
383 992 499 1069 vellet,
521 993 709 1056 secundum
736 994 857 1058 comici
880 994 1021 1072 dictum,
1036 996 1141 1061 vellet

194 1092 287 1176 quod
302 1099 438 1176 posset:
463 1098 640 1174 pateretur
657 1113 740 1174 ergo
763 1113 880 1175 regem
897 1101 984 1158 etse
1001 1094 1140 1161 liberari

192 1193 322 1257 mutuis
352 1191 626 1273 conditionibus3
658 1192 834 1275 ‘alioquin
859 1195 1043 1273 timemus,'
1068 1197 1140 1260 aie·

192 1295 289 1370 bant,
315 1298 381 1356 ‘ne
406 1294 549 1357 comites
573 1292 656 1357 facti
685 1293 740 1356 sui
767 1294 912 1357 maximi
935 1301 971 1358 et
994 1296 1139 1377 praecla-

192 1393 332 1471 rissimi,
345 1412 414 1475 quo
437 1399 472 1455 te
491 1400 668 1476 ceperunt,
683 1393 789 1458 erecti
811 1395 1033 1473 conscientia,
1049 1415 1137 1461 unos

193 1501 228 1558 et
255 1513 343 1559 unos
366 1513 410 1557 ex
433 1494 532 1558 nobis
554 1492 732 1570 invadant,
755 1494 900 1558 castella
923 1504 1137 1579 expugnent,

192 1595 303 1677 ipsam
319 1613 471 1658 sororem
488 1600 583 1657 tuam
599 1587 814 1659 ¹0bsidiant.'

243 1694 261 1779 §
291 1694 345 1760 62.
368 1693 458 1758 Tum
487 1693 624 1758 demum
650 1693 824 1758 Robertus
841 1694 995 1760 mollitos
1018 1696 1136 1778 legato

192 1802 227 1859 et
252 1794 510 1878 archiepiscopo
538 1795 706 1874 assensit3
744 1794 795 1860 ita
816 1801 945 1874 tamen,
970 1816 1013 1860 ne
1039 1798 1135 1878 quic-

191 1914 295 1978 quam
319 1896 539 1960 castellorum
554 1895 610 1960 vel
631 1903 802 1959 terrarum
823 1895 1024 1960 redderetur
1042 1882 1136 1979 quod

190 2003 271 2078 post
287 1996 380 2077 regis
394 1996 589 2079 captionem
606 1995 711 2079 injus
733 1996 962 2077 imperatricis
979 1998 1035 2062 vel
1050 2017 1136 2081 quo·

190 2116 334 2179 rumque
366 2095 518 2161 fidelium
551 2095 627 2179 ejus
656 2096 853 2161 transierat.
921 2095 1015 2160 Illud
1051 2116 1135 2163 sane

191 2197 286 2260 nullo
310 2197 424 2281 potuit
447 2197 602 2261 obtinere
624 2196 726 2261 modo
747 2203 919 2278 quatenus
942 2197 996 2260 sui
1017 2216 1134 2262 secum

189 2297 438 2377 liberarentur3
462 2296 600 2360 offensis
618 2296 778 2360 videlicet
793 2296 883 2374 alim,
901 2297 993 2378 quod
1017 2304 1135 2363 tantas

188 2417 306 2463 eorum
331 2397 575 2481 promissiones
599 2396 641 2461 de
669 2398 867 2479 principatu
891 2397 1000 2461 totius
1022 2399 1133 2480 regni,

188 2499 338 2582 quodam
354 2499 455 2580 quasi
468 2497 561 2562 sastu
578 2496 769 2575 fastidiens,
785 2496 1039 2579 repudiaverat.
1085 2499 1132 2564 Et

187 2600 270 2682 quia
283 2600 434 2662 maxime
445 2599 690 2662 annitebantur
699 2604 749 2675 ut,
760 2604 903 2681 propter
913 2597 1044 2680 regiam
1055 2599 1132 2682 dig·

188 2700 343 2778 nitatem,
368 2700 478 2782 primo
496 2718 559 2762 rex
575 2699 791 2774 liberaretur,
806 2692 984 2780 ²deinceps
999 2719 1130 2781 comes3

187 2820 266 2864 cum
276 2800 311 2863 id
328 2801 388 2865 illa
404 2799 579 2864 dubitaret
595 2800 793 2876 concedere,
803 2798 1131 2882 firmaveruntjure-

180 2900 331 2985 jurando
353 2901 491 2982 legatus
513 2908 549 2964 et
570 2900 859 2983 archiepiscopus
885 2897 989 2980 quod,
1012 2900 1042 2962 si
1065 2918 1129 2964 rex

185 3009 265 3085 post
278 3001 516 3066 liberationem
531 3020 630 3064 suam
646 2999 855 3064 detrectaret
871 3000 1030 3063 comitem
1044 2999 1130 3062 libe-

185 3121 274 3179 rare,
295 3102 362 3184 ipsi
387 3121 425 3165 se
449 3101 487 3164 in
510 3101 704 3183 captionem
730 3099 865 3164 comitis
889 3097 1131 3163 incunctanter

183 3202 376 3287 injicerent,
392 3220 597 3285 quocunque
609 3201 676 3283 ipsi
690 3200 848 3264 libuisset
864 3198 1066 3264 abducendi.

236 3302 320 3387 §63
345 3301 421 3366 Nec
438 3301 551 3365 adhuc
567 3301 710 3385 quievit,
725 3298 798 3377 sed,
811 3307 938 3383 praeter
957 3299 1044 3377 haec,
1058 3319 1128 3382 quo

185 3403 252 3467 sibi
281 3402 479 3487 provideret
512 3420 626 3484 sagax
652 3401 786 3465 animus
822 3400 977 3464 invenit:
1009 3408 1128 3483 posset

184 3523 307 3587 nempe
320 3501 394 3566 fieri
409 3509 450 3566 ut
465 3522 540 3578 rex,
555 3501 734 3577 malorum,
752 3500 844 3583 quod
859 3519 952 3583 saepe
968 3499 1020 3578 fit,
1037 3521 1126 3583 prae-

183 3611 310 3668 ventus
327 3603 483 3679 consilio,
501 3602 695 3684 captionem
706 3600 823 3664 fratris
840 3600 895 3663 sui
912 3606 947 3663 et
961 3600 1130 3684 archiepi-

185 3705 281 3788 scopi
299 3705 399 3786 parvi
414 3703 555 3765 duceret
569 3701 753 3765 dummodo
768 3702 842 3783 ipse
855 3700 942 3764 liber
958 3701 993 3763 in
1011 3702 1129 3784 pluma

178 3804 324 3889 jaceret.
376 3803 506 3884 Exegit
522 3821 604 3884 ergo
622 3803 666 3865 ab
684 3809 832 3884 utroque
855 3801 1034 3882 sigillatim
1051 3803 1128 3865 bre-

183 3906 242 3970 via
258 3912 294 3970 et
308 3904 424 3986 sigilla
439 3921 503 3966 sua
520 3901 564 3965 ad
580 3902 808 3984 apostolicum
819 3901 855 3963 in
867 3900 958 3963 hunc
973 3919 1128 3982 sensum;

183 4244 204 4295 S
217 4167 224 4198 ¹
224 4171 390 4292 ssbssm']
417 4172 450 4221 Ε.
457 4184 466 4234 3
489 4170 645 4232 oppugnent,
670 4163 716 4285 L}
727 4165 868 4229 Deinceps]
883 4166 932 4227 E.;
944 4165 1045 4227 deinde,
1057 4166 1086 4217 S.
1096 4168 1131 4220 D.

205 4279 212 4294 .
253 4278 260 4293 .
301 4247 326 4292 ἢ.
716 4271 724 4287 .
