2866 4868
182 408 322 490 maa]
414 424 528 474 orsrn
551 425 678 476 arcun
700 427 916 476 anceouuu.
1067 409 1133 475 637

185 600 266 644 num
281 580 442 644 omnibus
456 581 530 644 suis
544 570 764 664 ¹preefecerat
780 602 865 662 rcx3
888 582 1035 664 primum
1049 602 1133 647 can·

186 680 376 759 cellarium,
399 699 482 744 mox
497 681 697 764 episcopum
723 682 963 758 constituerat,
982 681 1133 764 pruden-

186 779 270 844 tiam
294 779 362 843 viri
387 787 564 863 expertus.
616 780 781 845 Sollerter
806 781 1037 846 administrati
1059 781 1133 863 epi-

186 885 350 961 scopatus
370 877 519 943 officium
541 898 638 962 spem
659 879 787 944 infudit
801 881 895 964 quod
917 881 1040 964 majori
1056 879 1133 962 dig-

187 997 253 1041 nus
269 977 457 1042 haberetur
468 972 632 1059 munere,
648 980 766 1062 itaque
779 981 887 1043 totius
903 981 1002 1061 regni
1016 980 1134 1043 mode·

187 1096 306 1141 ramen
323 1076 418 1142 illius
438 1078 613 1160 delegavit
627 1078 788 1162 justitiae,
805 1079 879 1143 sive
900 1079 975 1163 ipse
997 1080 1136 1144 adesset

188 1174 341 1259 Angliae,
369 1177 442 1241 sive
471 1185 664 1242 moraretur
695 1176 931 1244 Normanniae.
989 1178 1135 1260 Refugit

189 1277 372 1359 episcopus
388 1276 496 1340 tantis
518 1295 556 1340 se
578 1278 670 1342 curis
691 1264 881 1356 involvere,
895 1278 962 1341 nisi
984 1287 1055 1343 tres
1078 1298 1135 1342 ar-

188 1375 400 1460 chiepiscopi
427 1375 706 1455 Cantuaricnscs,
720 1374 919 1454 Anselmus,
949 1377 1135 1461 Radulfus,

188 1474 398 1553 willelmus,
428 1482 464 1539 et
493 1484 668 1557 postremo
701 1495 805 1558 papa,
837 1476 1071 1561 injunxissent
1103 1477 1135 1541 ei

189 1593 314 1639 munus
338 1574 556 1639 obedientiae.
608 1574 744 1657 Sategit
771 1576 823 1640 ita
848 1576 922 1640 fieri
946 1577 1135 1655 Henricus,

190 1694 260 1738 non
276 1673 413 1737 nescius
427 1674 519 1756 quod
535 1675 683 1738 fideliter
696 1694 760 1738 sua
776 1682 942 1741 tractaret
956 1676 1136 1740 commoda

192 1772 392 1855 Rogerius:
415 1793 479 1836 nec
496 1773 605 1838 defuit
618 1773 677 1837 ille
703 1775 777 1857 spei
801 1775 927 1856 regiae;
951 1776 1012 1839 sed
1036 1783 1137 1839 tanta

191 1871 406 1954 integritate,
430 1879 530 1936 tanta
554 1892 591 1937 se
613 1874 740 1954 agebat
764 1873 947 1951 industria,
974 1881 1015 1938 ut
1039 1874 1137 1938 nulla

191 1978 313 2036 contra
328 1991 416 2035 eum
447 1972 656 2035 conflaretur
683 1972 826 2036 invidia.
883 1973 1043 2055 Denique
1073 1993 1136 2036 rex

190 2070 392 2154 plerumque
407 2071 566 2148 triennio,
585 2091 834 2154 nonnunquam
850 2073 1087 2155 quadriennio,
1101 2081 1137 2137 et

192 2191 233 2236 eo
267 2170 429 2252 amplius,
461 2172 498 2235 in
526 2170 742 2235 Normannia
778 2179 946 2250 moratus,
970 2165 1068 2235 ²cum
1099 2173 1137 2236 in

192 2289 336 2352 regnum
367 2278 608 2348 reverteretur,
638 2271 828 2353 deputabat
852 2271 1034 2355 justitiarii
1066 2291 1138 2336 mo-

192 2370 318 2434 destiae.
330 2370 423 2452 quod
437 2370 522 2433 nihil
533 2377 594 2434 aut
605 2390 728 2453 parum
745 2371 943 2435 inveniebat
959 2370 1137 2435 molestiae.

194 2469 293 2535 Inter
306 2468 393 2548 haec,
409 2469 643 2535 ecclesiastica
660 2469 774 2535 officia
792 2490 862 2535 non
876 2471 1064 2553 negligere,
1078 2471 1139 2535 scd

193 2568 347 2653 quotidie
369 2588 471 2633 mane
493 2569 610 2634 omnia
631 2569 775 2634 honeste
797 2572 1004 2653 persolvere,
1021 2577 1061 2634 nt
1077 2590 1140 2635 ex·

193 2667 345 2752 peditius
360 2675 396 2732 et
412 2669 522 2733 tutius
539 2670 674 2733 caeteris
688 2676 807 2751 posset
820 2670 994 2736 accedere.
1045 2668 1140 2733 Pon·

193 2767 283 2832 tifex
315 2767 571 2850 magnanimus,
605 2775 642 2832 et
670 2767 775 2832 nullis
805 2788 959 2851 unquam
993 2787 1141 2851 parcens

196 2867 405 2950 sumptibus,
423 2867 505 2930 dum
529 2887 607 2949 quae
632 2866 790 2931 facienda
813 2876 1032 2951 proponeret,
1058 2869 1142 2933 aedi·

197 2965 277 3030 ficia
301 2967 507 3049 praesertim,
522 2975 797 3047 consummaret3
824 2967 916 3050 quod
941 2987 1019 3030 cum
1042 2968 1142 3047 aliea,

168 3079 171 3084 ’
197 3073 272 3130 tum
295 3066 447 3130 maxime
473 3065 510 3128 in
535 3066 722 3130 Salcsbiria
745 3059 803 3130 ³et
830 3066 1068 3130 Malmesbiria
1088 3073 1142 3132 est

199 3165 326 3230 videre.
379 3164 478 3229 Fecit
503 3166 594 3230 enim
619 3166 668 3229 ibi
695 3165 841 3229 aedificia
866 3167 980 3249 spatio
1005 3165 1142 3244 diffusa,

197 3283 340 3329 numero
368 3265 591 3347 pecuniarum
625 3271 840 3347 sumptuosa,
870 3266 984 3348 specie
1014 3265 1143 3330 sormo-

197 3363 355 3444 sissima3
377 3364 429 3427 ita
446 3363 542 3447 juste
565 3365 754 3446 composito
776 3363 895 3428 ordine
916 3365 1082 3447 lapidum,
1104 3373 1143 3430 ut

193 3462 360 3547 junctura
375 3464 588 3546 perstringat
599 3463 776 3540 intuitum,
787 3470 822 3526 et
835 3470 945 3527 totam
961 3466 1144 3529 maceriam
1242 3502 1248 3514 ·

197 3581 305 3625 unum
327 3562 515 3626 mentiatur
534 3582 610 3626 esse
626 3581 763 3625 saxum.
815 3562 1006 3628 Ecclesiam
1029 3564 1144 3629 Sales·

198 3661 382 3725 hiriensem
403 3668 439 3725 et
453 3681 580 3726 novam
596 3662 677 3726 fecit
692 3669 727 3725 et
742 3664 953 3728 ornamentis
980 3665 1145 3741 excoluit,

199 3768 240 3826 ut
263 3761 351 3824 nulli
372 3761 410 3823 in
426 3758 559 3842 Anglia
581 3761 694 3839 cedat,
716 3760 776 3824 sed
796 3761 925 3825 multas
949 3762 1144 3844 praecedat3

235 3990 245 4025 ¹
263 3992 413 4075 Prosererut
434 3985 505 4060 rea]
523 3992 570 4054 See
589 3991 661 4042 Guil.
687 3992 721 4074 A.
735 3993 765 4043 G.
777 3992 813 4042 D.
825 3993 858 4042 Ε.
873 3993 906 4042 G.
924 3994 959 4043 K.
977 3995 1008 4043 L.
1020 4006 1028 4054 ;
1045 3993 1149 4043 omitted

199 4064 325 4126 Nm
337 4066 392 4157 ¹2⁶·
686 4063 780 4180 misia
799 4127 989 4200 Mamaeum]
1007 4133 1036 4185 s.
1052 4132 1088 4182 n.
1100 4133 1149 4193 E.;

235 4200 461 4266 ’cmiuregucm
474 4235 514 4252 ...
526 4200 662 4264 molestia]
687 4202 790 4252 omitted
802 4202 828 4251 iu
839 4202 894 4252 Μ.
