2866 4868
355 411 421 476 494
570 427 683 477 cnsrn
707 428 835 477 nncuu
858 426 1072 476 Ancuonuu.
1154 410 1313 494 [maru.

355 591 438 647 tunc
463 592 644 666 satagente
671 585 827 650 Roberto
854 585 990 663 comite,
1015 586 1077 668 qui
1102 585 1311 650 familiarem

350 684 425 767 Jam
452 684 582 750 dudum
615 685 706 767 apud
742 686 900 750 Scottum
933 686 1111 750 locaverat
1143 687 1309 768 gratiam,

354 784 445 848 inter
462 784 688 849 Malcolmum
710 795 745 850 et
758 787 971 851 Willclmum
990 787 1175 852 concordia
1193 786 1308 853 inita:

353 892 579 949 veruntamen
606 886 724 951 multis
755 887 997 951 controversiis
1026 888 1209 968 utrobique
1241 887 1308 952 ha-

352 985 447 1062 bitis,
466 993 502 1050 et
519 986 710 1051 fluctuante
731 994 874 1069 propter
892 995 1118 1072 utrorumque
1141 988 1308 1052 animosi-

352 1092 461 1150 tatem
479 1086 632 1170 justitia,
655 1086 863 1151 Malcolmus
883 1088 976 1151 ultro
992 1086 1229 1153 Gloeccstram
1246 1108 1307 1154 vc·

352 1186 417 1263 nit,
443 1188 552 1269 aequis
584 1187 760 1251 duntaxat
784 1187 1052 1265 conditionibus,
1076 1186 1206 1251 multus
1239 1208 1306 1270 pro

352 1305 439 1368 pace
451 1280 645 1369 ¹precator3
670 1287 933 1373 necquicquam
951 1288 1113 1366 obtinuit,
1130 1287 1198 1352 nisi
1212 1289 1305 1353 utin

352 1406 496 1468 regnum
520 1388 689 1451 indemnis
705 1381 863 1465 ²rediret,
885 1388 1095 1470 dedignante
1119 1408 1201 1470 rege
1221 1388 1305 1454 dolo
1390 1402 1393 1408 '

352 1505 475 1569 capere
490 1507 591 1570 quem
606 1489 734 1551 virtute
759 1488 963 1570 subegisset.
1005 1487 1172 1570 Idemque
1194 1509 1303 1572 prox-

351 1586 422 1651 ima
435 1588 570 1671 hyeme,
590 1590 633 1652 ab
655 1589 850 1652 hominibus
866 1587 1012 1653 Roberti
1034 1589 1170 1653 comitis
1185 1587 1303 1653 Hum-

350 1689 538 1766 brensium,
564 1690 677 1771 magis
698 1687 819 1753 fraude
843 1708 948 1771 quam
973 1689 1105 1753 viribus
1128 1690 1301 1755 occubuit.

208 1810 305 1889 effic
353 1787 463 1873 Cujus
479 1791 639 1853 interitus
663 1797 805 1872 accepto
826 1789 964 1867 nuncio,
978 1808 1068 1853 uxor
1085 1789 1303 1871 Margareta,

203 1911 260 1990 ἐξ
269 1879 307 1942 mi
351 1889 576 1972 elecmosynis
589 1898 625 1955 et
641 1889 807 1972 pudicitia
827 1889 986 1972 insignis,
1000 1889 1181 1953 fastidiens
1196 1889 1302 1974 hujus

258 1978 264 1990 ’
349 1989 437 2054 lucis
467 2010 610 2068 moram,
638 1996 783 2054 mortem
814 1990 969 2072 precario
1001 1990 1120 2072 exegit
1151 2009 1173 2054 a
1200 1990 1301 2055 Deo:

182 3803 294 3845 character

182 3854 225 3893 end
233 3856 322 3896 conduct

181 3906 205 3944 ot
211 3904 310 3946 william.

351 2093 452 2155 ambo
469 2091 565 2154 cultu
581 2091 721 2173 pietatis
734 2090 900 2173 insignes,
910 2090 1163 2172 illapraecipuc.
1189 2089 1301 2153 Nam-

350 2211 417 2275 que
440 2198 515 2255 toto
529 2192 612 2255 vitae
636 2198 790 2273 tempore
807 2191 932 2272 viginti
951 2196 1102 2272 quatuor
1128 2209 1302 2273 pauperes

348 2290 511 2368 habebat,
534 2292 730 2374 ubicunque
753 2291 907 2355 locorum
931 2298 1017 2368 erat,
1044 2309 1132 2374 quos
1155 2290 1241 2354 cibis
1265 2299 1302 2356 et

349 2392 503 2455 vestibus
528 2391 713 2456 reficiebat.
765 2391 951 2467 Caeterum,
978 2389 1196 2454 sacerdotum
1219 2409 1301 2455 can-

348 2498 422 2555 tum
448 2493 483 2555 in
514 2491 789 2574 Quadragesima
819 2491 1046 2575 praeveniens,
1080 2491 1240 2555 noctibus
1262 2491 1301 2556 in

348 2592 477 2674 templo
499 2594 707 2670 excubabat,
729 2592 923 2674 triplicibus
946 2591 1125 2655 matutinis
1146 2591 1224 2673 ipsa
1246 2592 1301 2654 in-

346 2693 484 2771 sistens,
500 2692 543 2756 de
560 2692 745 2770 Trinitate,
760 2693 803 2757 de
820 2691 943 2768 Crucc,
957 2691 1000 2754 de
1022 2699 1145 2755 sancta
1159 2691 1298 2773 Maria3

347 2793 426 2856 inde
454 2794 667 2876 psalterium,
695 2814 774 2857 cum
804 2792 990 2875 lachrymis
1021 2797 1153 2855 vestem
1180 2791 1299 2855 infun-

347 2892 519 2971 dentibus,
541 2901 663 2975 pectus
685 2891 968 2957 succutientibus.
1020 2890 1166 2973 Templo
1182 2892 1298 2973 digre-

346 2993 444 3057 diens
459 2994 624 3076 pascebat
639 3012 822 3076 pauperes,
837 2993 948 3075 primo
965 2997 1048 3070 tres,
1061 3011 1143 3055 mox
1159 3012 1298 3071 novem,

345 3091 426 3156 inde
451 3095 577 3176 viginti
603 3102 765 3178 quatuor,
790 3099 965 3175 postremo
991 3098 1187 3172 trecentos3
1219 3093 1299 3175 ipsa

346 3213 424 3256 cum
438 3215 520 3277 rege
534 3195 713 3271 assistens,
728 3201 764 3258 et
780 3195 939 3257 manibus
959 3211 1084 3273 aquam
1100 3192 1296 3256 infundens.

345 3294 543 3376 Eadgarum
565 3294 673 3358 filium
695 3294 783 3378 ejuS,
797 3294 983 3376 expulsum
1006 3311 1028 3356 a
1048 3298 1187 3374 patruo,
1204 3291 1296 3358 Wil-

344 3393 467 3458 lelmus
491 3395 693 3459 reformavit
721 3393 821 3472 solio,
852 3393 995 3476 egregia
1021 3390 1125 3475 plane
1154 3400 1189 3457 et
1215 3412 1296 3475 quae

345 3500 480 3558 tanturn
504 3496 616 3559 virum
641 3495 785 3559 decebat
815 3495 956 3577 pietate,
987 3499 1039 3569 ut,
1071 3499 1321 3575 paternarum·

343 3593 547 3677 injuriarum
564 3596 753 3672 immemor,
769 3595 876 3658 filium
891 3594 1080 3676 supplicem
1095 3594 1297 3659 restitueret

343 3714 462 3776 regno.

395 3794 413 3879 ᾗ
432 3794 509 3859 312.
531 3794 735 3859 Excellebat
759 3795 796 3857 in
818 3812 859 3856 eo
885 3795 1166 3875 magnanimitas,
1188 3812 1293 3875 quam

342 3894 416 3976 ipse
432 3914 595 3978 processu
611 3895 775 3977 temporis
801 3894 908 3957 nimia
933 3896 1118 3959 severitate
1135 3893 1295 3957 obfusca-

375 4167 382 4198 ¹
395 4169 533 4232 Pacatum]
545 4168 578 4219 A.
591 4170 623 4219 D.
635 4170 667 4219 Ε.
680 4170 711 4220 L.
723 4187 730 4232 ;
741 4185 799 4232 pec·
860 4164 871 4196 ²
884 4169 1007 4232 [dedicet]
1024 4168 1058 4219 A.
1072 4169 1106 4218 D.
1123 4169 1155 4219 Ε.
1170 4169 1219 4231 L.;
1236 4169 1292 4218 abi-

338 4245 417 4304 cator,
428 4242 456 4290 S.
470 4242 499 4290 C.
826 4242 873 4301 ret,
884 4238 912 4288 S.
927 4240 956 4288 C.
