2866 4868
186 401 326 484 ΗΜ]
413 417 528 467 casm
554 418 682 469 nneuu
706 419 920 471 suetonum
1073 407 1140 473 659

190 578 278 642 isset
303 576 372 641 dici
396 576 427 641 si
453 576 602 655 adesset,
630 577 674 641 ad
700 577 847 643 mediam
873 588 985 644 rotam
1014 579 1139 644 ductus
1152 601 1271 642 conane

192 684 267 758 est;
289 684 326 742 et
341 676 390 741 ibi
404 677 536 760 recepit
554 677 741 741 secundam
757 681 950 745 orationem
972 700 995 744 a
1012 680 1139 744 Portu·
1152 654 1285 743 {Rediit

135 845 139 850 ,
191 778 268 842 ensi
300 777 475 861 episcopo,
512 778 604 842 sicut
634 779 793 861 praecipit
826 780 1006 844 Romanus
1041 779 1138 844 ordo.
1152 754 1268 804 “pm“

193 877 329 942 Deinde
364 876 539 941 duxerunt
568 896 646 941 eum
677 897 756 942 cnm
785 880 924 945 letaniis
951 900 1061 963 nsque
1094 878 1139 942 ad

193 977 445 1042 confessionem
470 974 743 1061 Apostolorum
766 972 824 1044 ¹et
854 980 903 1043 ibi
932 981 1034 1044 unxit
1062 998 1140 1043 eum

194 1076 397 1142 Hostiensis
413 1077 597 1160 episcopus
610 1078 702 1141 inter
717 1079 878 1162 scapulas
896 1085 930 1143 et
947 1081 984 1143 in
998 1079 1140 1144 brachio

193 1177 331 1242 dextro.
382 1176 470 1241 Post
484 1176 559 1241 haec
575 1197 597 1242 a
614 1176 752 1241 domino
766 1179 959 1262 apostolico
972 1180 1015 1242 ad
1029 1180 1140 1243 altare

195 1277 380 1342 eorundem
398 1276 636 1361 apostolorum
654 1277 842 1358 deductus;
866 1288 902 1343 et
922 1279 1061 1357 ibidem,
1076 1280 1139 1342 im-

195 1377 311 1460 posita
326 1377 394 1441 sibi
415 1396 543 1441 corona
560 1379 605 1440 ab
619 1378 696 1460 ipso
719 1379 923 1462 apostolico,
940 1380 976 1441 in
991 1379 1139 1462 impera-

194 1483 305 1542 torem
332 1484 387 1542 est
412 1484 647 1542 consecratus.
700 1476 789 1543 Post
812 1479 1010 1561 impositam
1044 1499 1141 1543 coro·

196 1596 275 1641 nam
301 1577 408 1642 missa
437 1576 481 1640 de
510 1576 778 1642 Resurrectione
804 1579 946 1643 Domini
974 1585 1028 1642 est
1050 1579 1139 1643 cele·

193 1679 317 1758 brata3
338 1678 376 1742 in
392 1694 463 1760 qua
477 1684 559 1742 ante
577 1678 850 1744 communionem
861 1679 1020 1742 dominus
1037 1671 1140 1762 ²apo·

194 1776 338 1843 stolicus
350 1776 571 1860 privilegium
594 1778 794 1860 imperatori
808 1781 949 1863 propria
962 1799 1067 1842 manu
1083 1778 1142 1842 de-

195 1877 259 1955 dit,
281 1877 404 1961 inquo
420 1877 487 1940 sibi
509 1885 545 1942 et
569 1896 678 1959 regno
701 1898 765 1943 suo
782 1880 875 1963 quod
897 1879 952 1944 hic
974 1880 1140 1961 scriptum

193 1983 248 2042 est
264 1977 446 2056 concessit,
468 1982 505 2041 et
525 1977 563 2040 in
584 1976 704 2041 eodem
732 1979 810 2045 looo
832 1980 896 2044 sub
919 1978 1141 2043 anathemate

195 2077 425 2143 confirmavit.

247 2176 355 2261 §424
378 2175 582 2240 ‘Paschalis
604 2176 798 2259 episcopus,
820 2195 941 2241 servus
964 2195 1141 2241 servorum
1154 2204 1260 2245 rsonae

197 2276 277 2354 ner,
294 2276 497 2341 charissimo
512 2275 548 2339 in
567 2275 707 2340 christo
722 2275 806 2353 eno,
824 2284 859 2340 et
872 2296 935 2358 por
950 2275 1018 2340 nei
1035 2277 1142 2340 omni·
1153 2259 1222 2304 Μ·

195 2377 349 2460 potentis
391 2375 541 2458 gratiam
576 2375 814 2440 Romanorum
846 2376 1047 2458 imperatori
1080 2394 1142 2439 an·

196 2483 312 2560 gusto,
335 2474 504 2554 Henrioo,
526 2475 657 2540 salutes
681 2482 716 2540 et
737 2476 965 2558 apostolicam
983 2473 1143 2539 benedic·

196 2576 339 2640 tionem.
390 2575 552 2657 Regnum
570 2582 725 2639 restrum
746 2583 878 2640 sanctae
895 2574 1066 2639 Romanae
1088 2594 1143 2639 ec-

195 2675 312 2740 clesiae
325 2673 498 2740 cohaerere
511 2674 631 2739 divina
642 2674 823 2757 dispositio
834 2676 1034 2755 constituit;
1052 2695 1142 2758 prae-

195 2774 394 2839 decessores
403 2773 573 2857 siquidem
584 2775 704 2852 vestri,
712 2775 896 2858 probitatis
905 2782 941 2839 et
951 2775 1143 2858 prudentiae

196 2874 375 2958 amplioris
391 2874 518 2956 gratia,
537 2873 707 2938 Romanae
731 2875 827 2938 urbis
851 2895 1013 2940 coronam
1029 2881 1064 2939 et
1079 2875 1143 2937 im·

195 2975 331 3057 perium
345 2975 523 3039 consecuti
537 2981 641 3039 sunt:
659 2973 704 3037 ad
719 2975 819 3059 cujus
834 2975 996 3039 videlicet
1006 2992 1143 3038 coronae

196 3081 233 3139 et
258 3072 394 3157 imperii
417 3072 637 3156 dignitatem,
668 3069 765 3138 t'uam
792 3094 930 3159 quoquc
959 3093 1142 3156 personam

199 3172 268 3262 (fiii
295 3173 496 3238 charissime
524 3170 708 3259 Henrioe),
733 3193 796 3257 per
820 3174 930 3238 nostri
959 3173 1143 3238 sacerdotii

197 3274 437 3351 ministerium,
462 3272 629 3358 majestas
654 3274 772 3338 divina
797 3274 971 3356 provexit.
1022 3266 1144 3338 ³Illam

197 3375 306 3456 igitur
327 3374 510 3456 dignitatis
531 3374 813 3457 praerogativam,
829 3394 933 3456 quam
954 3373 1146 3456 praedeces-

197 3493 294 3540 sores
326 3473 437 3538 nostri
469 3473 595 3539 vestris
623 3474 935 3556 praedecessoribus
965 3474 1144 3539 catholicis

196 3574 464 3658 imperatoribus
479 3582 735 3652 concesserunt,
751 3581 787 3640 ct
803 3574 1063 3657 privilegiorum
1081 3594 1144 3658 pa·

197 3674 289 3756 ginis
312 3673 617 3752 confirmaverunt,
640 3693 703 3738 nos
722 3692 860 3758 quoque
877 3680 948 3737 tuae
971 3674 1146 3739 dilectioni

234 3945 243 3976 ¹
252 3949 289 3996 Et
300 3946 336 3996 iti
346 3949 420 3998 anxit
428 3962 482 3997 eum
523 3948 661 4011 deductae]

197 4016 233 4137 ἕ.
244 4018 281 4137 g.
293 4018 326 4068 Ε.
340 4019 373 4069 G.
386 4020 422 4070 K.
433 4019 503 4078 1223
520 4017 625 4068 omitted
635 4019 662 4066 in

719 3969 730 4002 ⁸
742 3971 814 4022 Illam
824 3973 905 4035 igitur
915 3972 1049 4036 dignitatis
1056 3987 1148 4035 proero·

683 4044 804 4106 geticum,
814 4044 906 4107 quum]
923 4042 957 4092 A.
974 4044 1009 4093 D.
1024 4044 1054 4092 E.
1074 4042 1147 4102 L2.;

685 4114 751 4162 illud
758 4114 837 4176 igitur
843 4113 1149 4178 dignitatisprivilegium,

198 4152 427 4280 swam]
438 4156 511 4208 M.
521 4157 553 4208 Ε.
559 4172 568 4219 ;
585 4171 664 4220 popa,
687 4183 766 4247 quod,
777 4183 805 4235 S.
820 4185 850 4233 C.
